3416 5054
1260 325 1298 410 tt

249 426 328 511 deri
346 437 491 536 publica
511 439 762 531 instrumenta,
780 452 817 510 et
842 437 959 511 facere
977 438 1159 536 registrari
1176 437 1221 510 ad
1247 463 1314 512 ca··

249 552 384 629 meram
399 559 562 628 comunis
580 555 778 628 Mediolani
792 570 828 628 et
845 556 891 628 ad
911 551 1062 629 offitium
1080 567 1307 628 statutorum.

254 711 257 716 ·
299 671 434 748 xcvi
459 673 515 746 De
539 679 611 746 illis
636 678 699 774 qui
730 672 857 748 debent
888 679 942 746 ire
963 699 1033 774 per
1057 678 1233 746 civitatem
1260 673 1310 745 ad

250 790 505 892 inquirendum
526 816 718 891 pauperes.
823 853 825 858 ,

298 907 370 982 Per
402 910 572 981 vicarium
608 907 711 981 offitii
743 911 993 1008 provisionum
1028 910 1210 1008 eligantur
1244 935 1307 982 sex

249 1029 318 1098 viri
344 1027 391 1100 de
415 1025 652 1126 hospitalibus
677 1028 735 1100 vel
761 1028 805 1099 de
830 1026 958 1100 ordine
983 1030 1074 1099 certi
1095 1028 1232 1100 ordinis
1252 1026 1306 1098 vel
1392 1065 1395 1078 ·

251 1143 298 1217 de
332 1146 489 1217 ancianis
523 1143 710 1244 hospitalis
748 1158 905 1246 quatuor
941 1145 1162 1234 Mariorum,
1199 1157 1310 1246 prout

251 1259 434 1335 videbitur
470 1289 537 1362 pro
571 1263 738 1357 meliori,
772 1266 835 1361 qui
871 1262 1036 1361 quotidie
1072 1261 1205 1334 vadant
1242 1287 1309 1363 per

249 1382 431 1464 civitatem
457 1394 496 1453 et
519 1381 716 1473 suburbia,
742 1395 778 1452 et
799 1381 864 1480 qui
883 1383 1067 1479 inquirant
1082 1395 1120 1452 et
1136 1380 1308 1479 colligant

248 1522 427 1598 pauperes
453 1496 615 1570 infirmos
642 1501 862 1596 origenarios
889 1499 1041 1570 civitatis
1065 1511 1103 1570 et
1119 1500 1307 1570 comitatus

255 1614 470 1707 Mediolani,
495 1627 622 1688 euntes
647 1616 705 1688 vel
732 1615 976 1688 mendicantes
1003 1629 1041 1688 et
1065 1616 1173 1687 aliter
1198 1635 1306 1714 quarn

249 1757 317 1832 per
340 1733 568 1805 elimosinam
589 1736 711 1806 vivere
733 1758 807 1805 non
828 1733 1003 1825 valentes,
1021 1745 1058 1804 et
1075 1748 1185 1832 prout
1206 1727 1307 1806 vide-

250 1850 349 1922 bitur
365 1851 538 1950 predictis
560 1853 666 1944 viris,
687 1877 749 1924 eos
767 1852 944 1924 reducant
963 1851 1009 1922 ad
1025 1850 1224 1952 hospitale,
1243 1850 1307 1922 ubi

248 1972 424 2042 serviatur
449 1972 500 2041 eis
527 1972 562 2040 in
589 1970 859 2042 necessitatibus
877 1985 915 2052 et
940 1971 1176 2070 opportunis,
1202 1981 1309 2068 prout

249 2100 439 2187 congruet,
453 2085 651 2159 secundum
665 2085 853 2160 facultates
871 2099 907 2159 et
920 2087 1176 2186 possibilitates
1189 2086 1309 2185 hospi·

201 2201 206 2207 ⁵
250 2205 387 2277 talium.

299 2321 450 2395 XCVII.
479 2324 534 2396 De
552 2323 783 2398 servitoribus
807 2325 1035 2397 dominorum
1060 2325 1248 2396 duodecim
1272 2337 1308 2394 et

250 2448 384 2515 vicarii
410 2443 549 2515 domini
573 2442 774 2515 Mediolani
797 2450 868 2516 sive
897 2443 1099 2536 credenaie‚
1125 2459 1158 2515 et
1184 2467 1308 2528 eorum

249 2565 401 2632 salariis.

300 2677 499 2750 Servitores
539 2680 769 2750 dominorum
809 2679 1000 2752 duodecim
1038 2681 1114 2752 sive
1155 2689 1311 2777 quatuor

247 2795 437 2868 servitores
469 2796 606 2867 domini
636 2810 674 2867 et
703 2799 866 2869 comunis
895 2796 1094 2869 Mediolani
1124 2801 1198 2870 sive
1228 2821 1307 2868 cre·
1410 2785 1413 2794 ’

247 2911 373 3010 denzie
400 2915 472 2984 sint
497 2939 581 3005 sex,
616 2917 679 3011 qui
710 2939 835 2986 omnes
865 2914 1026 2986 habeant
1051 2941 1120 3018 pro
1146 2914 1311 3013 quolibet

249 3055 376 3104 eorum
416 3033 584 3105 salarium
619 3033 828 3130 imperiales
866 3033 1024 3106 sedecim
1062 3037 1100 3105 in
1140 3033 1224 3123 die3
1265 3057 1308 3104 ex

248 3150 380 3248 quibus
407 3150 517 3253 aliqui
545 3155 685 3223 iaceant
710 3154 747 3223 in
774 3152 896 3242 curia,
918 3165 1029 3250 prout
1051 3154 1185 3226 vicario
1208 3153 1308 3224 curie

248 3269 443 3342 videbitur.
944 3275 947 3280 ’

297 3386 461 3460 XCVIII.
490 3389 545 3461 De
560 3388 795 3463 servitoribus
812 3387 949 3462 domini
961 3393 1150 3491 potestatis
1166 3401 1201 3458 et
1217 3386 1309 3458 iudi·

249 3529 332 3577 cum
357 3508 639 3602 maleficiorum,
665 3523 852 3581 eteorum
879 3513 1024 3581 salario.

296 3623 499 3700 servitores
525 3626 788 3700 maleficiorum
816 3629 890 3700 sint
913 3652 998 3718 sex,
1029 3627 1090 3697 alii
1115 3625 1309 3696 servitores

248 3747 431 3841 potestatis
461 3747 533 3818 sint
557 3735 681 3838 sex'l,
716 3771 762 3818 ex
793 3747 925 3845 quibus
958 3744 1070 3843 aliqui
1101 3745 1245 3816 iaceant
1271 3745 1308 3814 in

248 3967 265 4007 Α
291 3964 440 4015 Numerum
458 3961 639 4035 habitumque
656 3962 821 4018 servitorum
838 3961 1043 4018 communitatis
1061 3960 1188 4031 designat
1204 3960 1302 4016 ducato

324 4045 468 4100 decretum
484 4062 533 4101 xix
551 4048 598 4104 die
609 4048 737 4103 .oetobris
754 4049 849 4104 datum
866 4047 1014 4104 Mediolani
1031 4062 1057 4103 a.
1069 4060 1231 4113 nmmum,
1243 4059 1300 4118 qno

324 4129 438 4200 quidam
463 4131 596 4188 Antonios
619 4135 655 4188 de
677 4137 765 4189 cruce
791 4135 950 4187 monetur
972 4147 1121 4188 «numero
1138 4130 1302 4186 semiorum
