3416 5054
1217 349 1282 420 tot

229 461 333 548 omui
359 464 454 534 anno
480 460 532 531 de<
552 483 672 534 mense
699 459 845 534 ianuarii
865 459 1009 534 tassatio
1031 457 1076 532 de
1092 458 1169 536 aliie
1195 461 1292 535 sotu-

236 577 396 666 ‚tinnibus'
422 579 646 652 notariorum
673 577 717 651 de
743 575 876 668 offitio,
903 573 1107 675 dequibus
1138 601 1211 654 nou
1237 591 1292 652 est

236 697 330 772 facta
355 696 490 782 mentio
516 717 581 768 seu
607 696 756 768 tassatio
783 677 952 792 specialis*
975 695 1011 766 in
1038 697 1190 768 statutis
1283 779 1287 788 .
1392 699 1396 706 “

286 813 486 888 CXXXVI.
514 812 570 885 De
594 817 823 914 inquisitione
834 811 963 904 fiendo
980 826 1111 885 contro
1128 817 1292 887 ηοιανίοι

235 931 279 1008 de
303 931 428 1036 offitio.

250 1061 252 1063 ’
287 1051 449 1142 Quilibet
473 1049 664 1141 iusdi'cens,
683 1051 745 1149 qui
770 1024 947 1123 audiverit
962 1047 1118 1146 aliquem
1138 1074 1294 1148 conque·

237 1183 375 1246 rentem
401 1169 447 1242 de
472 1193 539 1240 suo
564 1169 707 1240 noerio
723 1167 780 1245 vel
798 1170 967 1241 servitore
993 1165 1049 1242 vel
1074 1165 1293 1268 aprobatore

236 1286 294 1363 vel
319 1288 391 1360 alio
414 1297 661 1359 conversante
679 1285 724 1362 ad
754 1289 829 1358 eius
855 1285 1056 1378 barchum,
1081 1285 1189 1358 etiam
1216 1286 1293 1358 sine

178 1454 183 1466 ·
233 1408 412 1505 scriptura
437 1416 605 1482 teneatur
628 1404 824 1501 procedere
847 1417 974 1476 contra
999 1404 1098 1502 ipsos
1114 1404 1231 1476 statim
1247 1401 1293 1475 de

233 1523 332 1599 lacto
354 1521 410 1600 'ad
444 1521 643 1602 {utiendum
676 1521 813 1620 expleri
829 1529 830 1534 ’
846 1536 882 1594 et
908 1521 985 1595 dari
1017 1522 1294 1618 scripturas‚'et

236 1639 387 1718 fatiendi
422 1665 486 1711 seu
518 1639 703 1737 prestandi
737 1641 919 1714 servitium
952 1653 1016 1710 seu
1048 1638 1210 1712 debitum
1239 1639 1294 1708 sui

236 1747 339 1840 offitii
355 1784 423 1860 pro
437 1759 557 1855 pretio
566 1759 794 1856 congruenti,
808 1769 844 1838 et
857 1758 984 1856 punire
999 1755 1044 1830 de
1061 1755 1158 1828 lacto
1174 1757 1294 1857 ipsum

235 1873 422 1960 offitialem
447 1889 485 1949 et
510 1888 805 1967 conversantem,
826 1876 857 1947 si
872 1877 965 1974 petit
980 1874 1037 1946 vel
1053 1875 1181 1972 recipit
1202 1874 1297 1946 ultra

236 1985 344 2093 quarn
369 1997 415 2074 sit
440 1993 647 2067 ordinatum
675 1993 874 2067 secundum
898 1991 1052 2065 formam
1079 2005 1294 2064 statutorum

238 2111 405 2196 comunis
414 2111 629 2204 Mediolani,
642 2124 680 2184 et
695 2111 742 2186 de
755 2112 927 2210 predictis
944 2111 1110 2184 credatur
1127 2106 1297 2182 referenti

238 2257 318 2308 cu·
332 2243 556 2308 sacramento
575 2243 697 2305 etune
712 2243 803 2304 teste
816 2231 874 2301 vel
888 2229 1030 2303 duobus
1045 2227 1091 2302 de
1104 2228 1254 2302 diversis
1280 2232 1299 2276 ¹

239 2351 354 2422 causis
371 2351 479 2422 etiam
496 2348 759 2448 singularibus3
773 2361 809 2422 et
826 2349 988 2448 predicta
1005 2346 1124 2421 locum
1143 2344 1300 2419 habeant

239 2469 347 2540 etiam
365 2470 441 2540 sine
459 2468 528 2540 alio
547 2493 722 2566 processu
741 2468 797 2540 vel
813 2467 1011 2567 ,scriptura3
1029 2482 1067 2538 et
1084 2465 1221 2537 domini
1237 2489 1297 2536 sex

237 2603 378 2664 camere
403 2600 441 2666 et
466 2585 619 2683 quilibet
641 2585 819 2660 iusdieens
846 2597 1009 2658 teneatur
1029 2582 1176 2682 singulis
1199 2607 1301 2654 men-

238 2703 338 2779 sibus
363 2704 507 2796 trihus,·
523 2715 562 2777 et
587 2698 1144 2802 quotiescumque'notificatum
1176 2697 1299 2794 suerit,

237 2809 436 2922 procedere
462 2831 589 2896 contra
615 2819 800 2916 predictos
825 2845 950 2893 omnes
966 2830 1003 2891 et
1021 2817 1181 2918 singulos
1200 2831 1300 2890 notas

239 2940 330 3031 rios,
351 2939 589 3039 reprobatores
606 2941 851 3043 etlservitores
869 2952 906 3010 et
923 2935 1089 3010 offitiales
1106 2937 1301 3009 summarie

235 3069 335 3141 extra
350 3062 375 3110 Β,
388 3055 555 3140 ordinem
581 3057 690 3133 etde
716 3056 825 3156 plano
852 3058 929 3130 sine
956 3057 1111 3153 strepitu
1126 3067 1164 3127 et
1180 3052 1302 3154 ligura.

237 3175 358 3258 iuditii
378 3190 416 3256 et
444 3175 552 3253 omui*
575 3175 827 3276 solempnitate
860 3177 1012 3268 omissa,
1036 3186 1076 3246 et
1104 3174 1239 3273 punire
1258 3184 1298 3244 et

238 3296 501 3395 condempnare
519 3307 555 3370 et
571 3275 812 3397 restitutiones
829 3291 909 3395 fieri
925 3292 1062 3385 iacere,
1076 3305 1115 3365 et
1131 3291 1298 3366 credatur

220 3417 282 3494 'ut
304 3431 426 3514 supra..
475 3483 479 3492 .
589 3460 591 3466 ι
906 3410 918 3438 ·’
958 3417 961 3426 ’

283 3529 509 3610 CXXXVII.
536 3531 592 3608 Do
616 3536 794 3608 electione
816 3557 883 3605 seu.
895 3534 1147 3604 constitutione
1166 3525 1299 3624 geben

239 3654 411 3730 murts⁰
436 3649 638 3728 bonorum
663 3663 838 3724 veterum.

289 3768 410 3846 Prosit,
434 3783 504 3847 une
530 3793 687 3868 persona
712 3793 821 3870 super
846 3765 962 3839 offitio
986 3777 1025 3838 et
1041 3761 1299 3864 gubernatione

241 3991 259 4034 ι
285 4005 299 4032 ι
319 3981 454 4040 universis
474 3983 608 4054 »(1ttd.).

241 4074 260 4117 1
288 4071 414 4124 «οοιιῑιι
433 4089 446 4116 n
464 4068 549 4136 (Coi.
563 4069 686 4142 praei).

239 4161 260 4211 o
284 4173 298 4202 ι
318 4153 532 4224 noberuntorum
551 4175 566 4203 ι
586 4153 691 4225 (ute).
