3338 5042
419 259 491 329 tat

415 357 540 445 contra
566 370 716 442 formam
744 364 1076 456 ordinamontorirm
1102 368 1265 438 comunis
1284 361 1524 438 Mediolani

414 490 473 565 v'el
505 489 622 588 aliqua
655 513 697 560 ex
730 487 784 559 eis
814 513 858 584 u,
890 498 927 558 ot
947 467 993 557 'in
1027 497 1204 586 quantum
1246 475 1318 556 sint
1352 495 1519 556 contr-a

415 603 665 680 ordinamenta
692 607 854 678 comunis
879 603 1076 677 Mediolani
1102 603 1159 676 vel
1186 599 1332 701 aliquod
1357 627 1402 673 ex
1424 597 1514 692 eis,

415 725 517 828 qu'od
543 751 618 798 noo
635 723 858 825 intelligatur
877 747 958 796 esse
975 723 1192 796 ratificatum
1211 747 1279 794 nec
1298 719 1513 820 approba·
1576 825 1581 835 ι

416 855 507 936 tu'm,
529 847 598 916 nec'
612 843 737 915 valeat.
764 843 814 913 Et
839 842 922 914 siin
940 841 1118 938 aliquibus
1138 839 1399 911 ordinamentis
1420 837 1506 910 ati-

418 967 521 1037 cuius
545 959 806 1058 universitatis,
827 957 1051 1032 'confirmatis
1075 959 1132 1032 vel
1149 984 1236 1053 non,
1255 951 1509 1030 contineatur

416 1081 518 1183 quod
557 1083 635 1180 ipsa
671 1075 887 1152 universitas
916 1079 973 1164 vel
998 1091 1120 1150 rector
1136 1067 1139 1074 ⁵
1157 1077 1321 1149 eiusdem
1358 1090 1501 1178 posset

416 1201 476 1272 uel
501 1198 649 1270 deberet
674 1199 801 1296 punire
826 1219 891 1270 seu
917 1189 1188 1297 condempnare
1214 1185 1373 1292 aliquem
1401 1217 1496 1272 cor·

418 1315 605 1418 penaliter,
625 1315 683 1388 vel
702 1313 800 1414 qnod
821 1313 927 1388 aliter
943 1315 1273 1414 condempnaretur
1288 1301 1346 1386 vel
1364 1313 1496 1405 fieret,
1526 1413 1532 1421 .

416 1459 529 1535 quam
554 1438 592 1507 in
619 1436 758 1508 statutis
784 1434 947 1506 comunis
964 1425 1162 1508 Mediolani
1188 1435 1235 1505 sit
1260 1457 1494 1524 concessum,

419 1553 520 1654 quod
546 1567 698 1655 propter
714 1554 783 1625 hoc
801 1578 874 1624 non
901 1551 1123 1652 intelligatur
1147 1578 1228 1626 esse
1254 1575 1491 1644 concessum,

420 1673 521 1774 quod
558 1674 673 1773 possit
708 1667 869 1745 exerceri
896 1670 990 1744 ultra
1013 1670 1070 1743 vel
1097 1683 1195 1742 extra
1230 1671 1490 1746 ordinamenta

419 1795 584 1864 comunis
616 1789 835 1881 Mediolani;
861 1815 930 1861 neo
959 1803 1111 1889 propter
1142 1791 1212 1862 hoc
1243 1791 1383 1890 possint
1413 1815 1488 1863 nec

413 1909 575 1984 audeant
615 1905 682 2008 ipsi
721 1909 846 1984 vicarii
889 1915 957 1980 nec
1001 1895 1157 1980 rectores
1198 1933 1265 1980 nec
1313 1895 1487 1982 comunia

416 2051 590 2122 exercere
615 2037 741 2098 contra
767 2026 824 2098 vel
851 2019 945 2099 ultra
969 2028 1047 2128 ipsa
1064 2026 1325 2120 ordinamenta,
1352 2041 1388 2098 et
1412 2051 1486 2102 uec

424 2171 635 2220 concessum
655 2137 876 2246 intelligatur
893 2171 958 2217 nec
975 2145 1109 2238 valeat,
1136 2159 1171 2217 et
1188 2145 1485 2219 contrafaticntes

424 2263 635 2367 puniantur,
652 2289 694 2336 ac
711 2267 740 2335 si
758 2278 799 2335 ut
812 2265 948 2364 privata
965 2289 1115 2363 persona
1141 2263 1290 2371 fecisset
1310 2247 1416 2355 illud,
1442 2276 1480 2337 et

424 2383 498 2456 non
513 2397 611 2456 esset
637 2377 867 2472 concessum,
882 2409 949 2454 nec
962 2385 1143 2480 possessio
1171 2407 1234 2454 seu
1260 2385 1362 2482 quasi
1378 2383 1479 2456 iuris·

423 2501 591 2573 dictionis
618 2499 675 2574 vel
701 2499 780 2572 talis
804 2501 963 2572 exercitii
991 2503 1196 2598 acquiratur
1219 2525 1287 2572 nec
1309 2503 1479 2600 acquisita

423 2643 501 2691 esse
519 2618 755 2718 intelligatur,
773 2643 841 2690 nec
859 2643 1024 2690 exercere
1041 2623 1158 2719 possit
1181 2634 1306 2690 contra
1322 2618 1478 2718 predicta

424 2762 491 2844 nec
506 2737 651 2838 aliquod
667 2737 933 2840 predictorum,
961 2752 999 2810 et
1013 2738 1295 2839 approbationes
1312 2752 1349 2812 et
1366 2737 1474 2816 ratifi-

424 2858 601 2950 cationes,
618 2859 649 2930 si
666 2843 737 2955 quc
755 2856 899 2948 fierent,
917 2883 992 2929 non
1009 2857 1142 2930 durent
1154 2857 1249 2931 ultra
1271 2871 1341 2932 tres
1358 2881 1474 2930 anuos.

616 3153 620 3164 ·
731 3136 911 3202 tonatur
944 3139 1179 3204 cantantis

666 3333 715 3406 de
741 3331 908 3408 fabricis
935 3342 976 3408 et
1003 3335 1242 3437 aurificibus

543 3457 584 3525 et
611 3451 721 3528 eirca
747 3473 892 3526 eurum
919 3457 1050 3526 artem
1077 3455 1368 3548 spectantibus.

476 3681 657 3758 CCXXX.
697 3681 806 3784 Quod
837 3689 1039 3758 incivitate
1076 3683 1261 3760 uteretur
1292 3702 1468 3786 ,argentim

423 3801 467 3874 de
492 3801 632 3876 duobus
656 3807 749 3900 agis.

475 3919 733 3996 Ordinamenta
760 3925 923 3996 comunis
949 3923 1143 3998 Mediolani
1161 3919 1253 4001 faeta
1271 3951 1382 4024 snper
1396 3950 1467 4026 ope-
1500 4005 1502 4010 ,

425 4038 525 4112 ribus
558 4041 635 4110 auri
669 4056 707 4113 et
738 4046 878 4138 argenti
906 4067 967 4114 seu
994 4069 1103 4144 super
1130 4057 1206 4116 arte
1236 4043 1414 4118 fabrorum
1435 4057 1466 4116 et
