<?xml version="1.0" encoding="UTF-8"?>
<!DOCTYPE html PUBLIC "-//W3C//DTD XHTML 1.0 Transitional//EN"
    "http://www.w3.org/TR/xhtml1/DTD/xhtml1-transitional.dtd">
<html xmlns="http://www.w3.org/1999/xhtml" xml:lang="en" lang="en">
 <head>
  <title>
</title>
<meta http-equiv="Content-Type" content="text/html;charset=utf-8" />
  <meta name='ocr-system' content='tesseract 3.04.00' />
  <meta name='ocr-capabilities' content='ocr_page ocr_carea ocr_par ocr_line ocrx_word'/>
</head>
<body>
  <div class='ocr_page' id='page_1' title='image "./statutaiurisdic00itagoog_0134.png"; bbox 0 0 3416 5054; ppageno 0'>
   <div class='ocr_carea' id='block_1_1' title="bbox 242 356 1317 2463">
    <p class='ocr_par' dir='ltr' id='par_1_1' title="bbox 254 356 1317 1013">
     <span class='ocr_line' id='line_1_1' title="bbox 1240 356 1312 424; baseline 0.028 -2"><span class='ocrx_word' id='word_1_1' title='bbox 1240 356 1312 424; x_wconf 80' lang='lat' dir='ltr'><strong>tte</strong></span> 
     </span>
     <span class='ocr_line' id='line_1_2' title="bbox 256 462 1316 566; baseline -0.002 -24"><span class='ocrx_word' id='word_1_2' title='bbox 256 464 407 542; x_wconf 73' lang='lat' dir='ltr'><strong>detineri</strong></span> <span class='ocrx_word' id='word_1_3' title='bbox 424 465 546 564; x_wconf 86' lang='lat' dir='ltr'><strong>aliquo</strong></span> <span class='ocrx_word' id='word_1_4' title='bbox 566 462 676 536; x_wconf 88' lang='lat' dir='ltr'><strong>modo</strong></span> <span class='ocrx_word' id='word_1_5' title='bbox 690 491 756 564; x_wconf 90' lang='lat' dir='ltr'><strong>per</strong></span> <span class='ocrx_word' id='word_1_6' title='bbox 769 465 934 566; x_wconf 82' lang='lat' dir='ltr'>aliquem</span> <span class='ocrx_word' id='word_1_7' title='bbox 947 465 1190 564; x_wconf 80' lang='lat' dir='ltr'><strong>presidentem</strong></span> <span class='ocrx_word' id='word_1_8' title='bbox 1210 467 1316 540; x_wconf 88' lang='lat' dir='ltr'><strong>alicui</strong></span> 
     </span>
     <span class='ocr_line' id='line_1_3' title="bbox 256 581 1316 685; baseline 0.005 -31"><span class='ocrx_word' id='word_1_9' title='bbox 256 581 388 677; x_wconf 87' lang='lat' dir='ltr'><strong>offitio,</strong></span> <span class='ocrx_word' id='word_1_10' title='bbox 405 609 473 656; x_wconf 90' lang='lat' dir='ltr'><strong>nec</strong></span> <span class='ocrx_word' id='word_1_11' title='bbox 491 608 555 685; x_wconf 89' lang='lat' dir='ltr'><strong>per</strong></span> <span class='ocrx_word' id='word_1_12' title='bbox 579 582 733 682; x_wconf 81' lang='lat' dir='ltr'><strong>aliquam</strong></span> <span class='ocrx_word' id='word_1_13' title='bbox 753 583 858 656; x_wconf 90' lang='lat' dir='ltr'><strong>aliam</strong></span> <span class='ocrx_word' id='word_1_14' title='bbox 875 609 1067 683; x_wconf 84' lang='lat' dir='ltr'>personam</span> <span class='ocrx_word' id='word_1_15' title='bbox 1090 599 1316 658; x_wconf 82' lang='lat' dir='ltr'><strong>exercentem</strong></span> 
     </span>
     <span class='ocr_line' id='line_1_4' title="bbox 254 700 1315 793; baseline 0 -19"><span class='ocrx_word' id='word_1_16' title='bbox 254 700 530 775; x_wconf 90' lang='lat' dir='ltr'><strong>iurisdictionem</strong></span> <span class='ocrx_word' id='word_1_17' title='bbox 548 705 584 774; x_wconf 93' lang='lat' dir='ltr'><strong>in</strong></span> <span class='ocrx_word' id='word_1_18' title='bbox 603 704 745 774; x_wconf 81' lang='lat' dir='ltr'><strong>ciuitate</strong></span> <span class='ocrx_word' id='word_1_19' title='bbox 767 701 979 793; x_wconf 75' lang='lat' dir='ltr'><strong>Mediolani,</strong></span> <span class='ocrx_word' id='word_1_20' title='bbox 998 714 1036 774; x_wconf 91' lang='lat' dir='ltr'><strong>et</strong></span> <span class='ocrx_word' id='word_1_21' title='bbox 1053 704 1083 774; x_wconf 91' lang='lat' dir='ltr'><strong>si</strong></span> <span class='ocrx_word' id='word_1_22' title='bbox 1101 717 1228 775; x_wconf 91' lang='lat' dir='ltr'><strong>contra</strong></span> <span class='ocrx_word' id='word_1_23' title='bbox 1244 704 1315 776; x_wconf 88' lang='lat' dir='ltr'><strong>hoc</strong></span> 
     </span>
     <span class='ocr_line' id='line_1_5' title="bbox 255 820 1317 922; baseline -0.001 -28"><span class='ocrx_word' id='word_1_24' title='bbox 255 833 491 922; x_wconf 83' lang='lat' dir='ltr'><strong>caperentur,</strong></span> <span class='ocrx_word' id='word_1_25' title='bbox 518 833 679 920; x_wconf 90' lang='lat' dir='ltr'><strong>potestas</strong></span> <span class='ocrx_word' id='word_1_26' title='bbox 702 822 835 892; x_wconf 88' lang='lat' dir='ltr'><strong>eteius</strong></span> <span class='ocrx_word' id='word_1_27' title='bbox 861 821 996 893; x_wconf 88' lang='lat' dir='ltr'><strong>iudices</strong></span> <span class='ocrx_word' id='word_1_28' title='bbox 1022 820 1176 893; x_wconf 84' lang='lat' dir='ltr'><strong>debeant</strong></span> <span class='ocrx_word' id='word_1_29' title='bbox 1201 822 1317 894; x_wconf 84' lang='lat' dir='ltr'><strong>modis</strong></span> 
     </span>
     <span class='ocr_line' id='line_1_6' title="bbox 256 936 858 1013; baseline -0.007 0"><span class='ocrx_word' id='word_1_30' title='bbox 256 941 423 1013; x_wconf 88' lang='lat' dir='ltr'><strong>omnibus</strong></span> <span class='ocrx_word' id='word_1_31' title='bbox 449 965 510 1012; x_wconf 90' lang='lat' dir='ltr'><strong>eos</strong></span> <span class='ocrx_word' id='word_1_32' title='bbox 536 936 655 1012; x_wconf 85' lang='lat' dir='ltr'><strong>facere</strong></span> <span class='ocrx_word' id='word_1_33' title='bbox 680 940 858 1012; x_wconf 88' lang='lat' dir='ltr'><strong>relassnri.</strong></span> 
     </span>
    </p>

    <p class='ocr_par' dir='ltr' id='par_1_2' title="bbox 242 1056 1316 1388">
     <span class='ocr_line' id='line_1_7' title="bbox 306 1056 1316 1158; baseline 0.003 -31"><span class='ocrx_word' id='word_1_34' title='bbox 306 1056 504 1134; x_wconf 88' lang='lat' dir='ltr'><strong>CLXXIII.</strong></span> <span class='ocrx_word' id='word_1_35' title='bbox 527 1057 634 1156; x_wconf 83' lang='lat' dir='ltr'><strong>Quod</strong></span> <span class='ocrx_word' id='word_1_36' title='bbox 648 1064 771 1131; x_wconf 85' lang='lat' dir='ltr'><strong>nullus</strong></span> <span class='ocrx_word' id='word_1_37' title='bbox 787 1065 1026 1158; x_wconf 81' lang='lat' dir='ltr'><strong>compellatur</strong></span> <span class='ocrx_word' id='word_1_38' title='bbox 1041 1059 1091 1131; x_wconf 87' lang='lat' dir='ltr'><strong>ad</strong></span> <span class='ocrx_word' id='word_1_39' title='bbox 1105 1063 1316 1131; x_wconf 81' lang='lat' dir='ltr'><strong>solutionem</strong></span> 
     </span>
     <span class='ocr_line' id='line_1_8' title="bbox 242 1181 1316 1277; baseline 0 -27"><span class='ocrx_word' id='word_1_40' title='bbox 242 1183 404 1276; x_wconf 76' lang='lat' dir='ltr'><strong>pecunie</strong></span> <span class='ocrx_word' id='word_1_41' title='bbox 435 1184 497 1250; x_wconf 85' lang='lat' dir='ltr'><strong>vel</strong></span> <span class='ocrx_word' id='word_1_42' title='bbox 527 1183 647 1250; x_wconf 85' lang='lat' dir='ltr'><strong>oneris</strong></span> <span class='ocrx_word' id='word_1_43' title='bbox 677 1203 749 1277; x_wconf 86' lang='lat' dir='ltr'><strong>pro</strong></span> <span class='ocrx_word' id='word_1_44' title='bbox 782 1183 908 1270; x_wconf 82' lang='lat' dir='ltr'><strong>altero,</strong></span> <span class='ocrx_word' id='word_1_45' title='bbox 934 1182 1004 1248; x_wconf 87' lang='lat' dir='ltr'><strong>nisi</strong></span> <span class='ocrx_word' id='word_1_46' title='bbox 1029 1181 1065 1249; x_wconf 86' lang='lat' dir='ltr'><strong>in</strong></span> <span class='ocrx_word' id='word_1_47' title='bbox 1092 1182 1229 1250; x_wconf 80' lang='lat' dir='ltr'><strong>statutis</strong></span> <span class='ocrx_word' id='word_1_48' title='bbox 1253 1202 1316 1250; x_wconf 84' lang='lat' dir='ltr'><strong>ea-</strong></span> 
     </span>
     <span class='ocr_line' id='line_1_9' title="bbox 255 1282 646 1388; baseline 0.003 -22"><span class='ocrx_word' id='word_1_49' title='bbox 255 1311 389 1368; x_wconf 78' lang='lat' dir='ltr'><strong>ceatur.</strong></span> <span class='ocrx_word' id='word_1_50' title='bbox 642 1282 646 1388; x_wconf 23' lang='grc' dir='ltr'>Ἰ</span> 
     </span>
    </p>

    <p class='ocr_par' dir='ltr' id='par_1_3' title="bbox 252 1413 1316 2463">
     <span class='ocr_line' id='line_1_10' title="bbox 303 1413 1315 1516; baseline -0.001 -30"><span class='ocrx_word' id='word_1_51' title='bbox 303 1413 433 1486; x_wconf 89' lang='lat' dir='ltr'><strong>Nullus</strong></span> <span class='ocrx_word' id='word_1_52' title='bbox 458 1416 611 1487; x_wconf 90' lang='lat' dir='ltr'><strong>civitatis</strong></span> <span class='ocrx_word' id='word_1_53' title='bbox 637 1414 693 1486; x_wconf 90' lang='lat' dir='ltr'><strong>vel</strong></span> <span class='ocrx_word' id='word_1_54' title='bbox 719 1417 911 1486; x_wconf 74' lang='lat' dir='ltr'><strong>comitatus</strong></span> <span class='ocrx_word' id='word_1_55' title='bbox 928 1413 1122 1487; x_wconf 85' lang='lat' dir='ltr'><strong>Mediolani</strong></span> <span class='ocrx_word' id='word_1_56' title='bbox 1148 1414 1315 1516; x_wconf 90' lang='lat' dir='ltr'><strong>compelli</strong></span> 
     </span>
     <span class='ocr_line' id='line_1_11' title="bbox 252 1530 1315 1630; baseline 0.002 -26"><span class='ocrx_word' id='word_1_57' title='bbox 252 1533 366 1630; x_wconf 89' lang='lat' dir='ltr'><strong>possit</strong></span> <span class='ocrx_word' id='word_1_58' title='bbox 391 1533 437 1604; x_wconf 91' lang='lat' dir='ltr'><strong>ab</strong></span> <span class='ocrx_word' id='word_1_59' title='bbox 465 1533 584 1630; x_wconf 90' lang='lat' dir='ltr'><strong>aliquo</strong></span> <span class='ocrx_word' id='word_1_60' title='bbox 618 1533 814 1606; x_wconf 89' lang='lat' dir='ltr'><strong>iusdicente</strong></span> <span class='ocrx_word' id='word_1_61' title='bbox 845 1530 893 1604; x_wconf 90' lang='lat' dir='ltr'><strong>ad</strong></span> <span class='ocrx_word' id='word_1_62' title='bbox 923 1532 1139 1605; x_wconf 88' lang='lat' dir='ltr'><strong>solutionem</strong></span> <span class='ocrx_word' id='word_1_63' title='bbox 1169 1532 1315 1606; x_wconf 89' lang='lat' dir='ltr'><strong>alicuius</strong></span> 
     </span>
     <span class='ocr_line' id='line_1_12' title="bbox 253 1650 1316 1752; baseline 0 -30"><span class='ocrx_word' id='word_1_64' title='bbox 253 1653 408 1750; x_wconf 87' lang='lat' dir='ltr'><strong>pecunie</strong></span> <span class='ocrx_word' id='word_1_65' title='bbox 434 1650 491 1722; x_wconf 91' lang='lat' dir='ltr'><strong>vel</strong></span> <span class='ocrx_word' id='word_1_66' title='bbox 517 1652 635 1730; x_wconf 83' lang='lat' dir='ltr'><strong>oneris</strong></span> <span class='ocrx_word' id='word_1_67' title='bbox 661 1677 728 1752; x_wconf 91' lang='lat' dir='ltr'><strong>pro</strong></span> <span class='ocrx_word' id='word_1_68' title='bbox 755 1651 886 1742; x_wconf 89' lang='lat' dir='ltr'><strong>altero,</strong></span> <span class='ocrx_word' id='word_1_69' title='bbox 914 1653 982 1723; x_wconf 91' lang='lat' dir='ltr'><strong>nisi</strong></span> <span class='ocrx_word' id='word_1_70' title='bbox 1008 1653 1213 1750; x_wconf 85' lang='lat' dir='ltr'><strong>reperiatur</strong></span> <span class='ocrx_word' id='word_1_71' title='bbox 1235 1678 1316 1723; x_wconf 88' lang='lat' dir='ltr'><strong>con·</strong></span> 
     </span>
     <span class='ocr_line' id='line_1_13' title="bbox 254 1767 1315 1862; baseline 0.003 -24"><span class='ocrx_word' id='word_1_72' title='bbox 254 1769 402 1839; x_wconf 91' lang='lat' dir='ltr'><strong>trarium</strong></span> <span class='ocrx_word' id='word_1_73' title='bbox 429 1770 507 1840; x_wconf 92' lang='lat' dir='ltr'><strong>iure</strong></span> <span class='ocrx_word' id='word_1_74' title='bbox 532 1767 589 1841; x_wconf 92' lang='lat' dir='ltr'><strong>vel</strong></span> <span class='ocrx_word' id='word_1_75' title='bbox 615 1781 750 1841; x_wconf 88' lang='lat' dir='ltr'><strong>statuto</strong></span> <span class='ocrx_word' id='word_1_76' title='bbox 775 1783 939 1862; x_wconf 87' lang='lat' dir='ltr'><strong>cautum,</strong></span> <span class='ocrx_word' id='word_1_77' title='bbox 957 1784 993 1843; x_wconf 90' lang='lat' dir='ltr'><strong>et</strong></span> <span class='ocrx_word' id='word_1_78' title='bbox 1010 1783 1136 1841; x_wconf 87' lang='lat' dir='ltr'><strong>contra</strong></span> <span class='ocrx_word' id='word_1_79' title='bbox 1154 1771 1222 1842; x_wconf 90' lang='lat' dir='ltr'><strong>hoc</strong></span> <span class='ocrx_word' id='word_1_80' title='bbox 1242 1795 1315 1841; x_wconf 91' lang='lat' dir='ltr'><strong>non</strong></span> 
     </span>
     <span class='ocr_line' id='line_1_14' title="bbox 252 1885 1316 1987; baseline 0.003 -29"><span class='ocrx_word' id='word_1_81' title='bbox 252 1887 365 1987; x_wconf 89' lang='lat' dir='ltr'><strong>possit</strong></span> <span class='ocrx_word' id='word_1_82' title='bbox 399 1885 477 1959; x_wconf 84' lang='lat' dir='ltr'><strong>fieri</strong></span> <span class='ocrx_word' id='word_1_83' title='bbox 509 1901 680 1986; x_wconf 90' lang='lat' dir='ltr'><strong>proposta</strong></span> <span class='ocrx_word' id='word_1_84' title='bbox 715 1888 772 1962; x_wconf 91' lang='lat' dir='ltr'><strong>vel</strong></span> <span class='ocrx_word' id='word_1_85' title='bbox 798 1887 1025 1979; x_wconf 79' lang='lat' dir='ltr'><strong>reformati05</strong></span> <span class='ocrx_word' id='word_1_86' title='bbox 1059 1902 1096 1960; x_wconf 90' lang='lat' dir='ltr'><strong>et</strong></span> <span class='ocrx_word' id='word_1_87' title='bbox 1128 1891 1157 1960; x_wconf 94' lang='lat' dir='ltr'><strong>si</strong></span> <span class='ocrx_word' id='word_1_88' title='bbox 1189 1901 1316 1961; x_wconf 90' lang='lat' dir='ltr'><strong>contr&#39;a</strong></span> 
     </span>
     <span class='ocr_line' id='line_1_15' title="bbox 254 2003 1315 2105; baseline 0.003 -30"><span class='ocrx_word' id='word_1_89' title='bbox 254 2003 395 2098; x_wconf 87' lang='lat' dir='ltr'><strong>iecerit,</strong></span> <span class='ocrx_word' id='word_1_90' title='bbox 415 2007 495 2105; x_wconf 90' lang='lat' dir='ltr'><strong>ipso</strong></span> <span class='ocrx_word' id='word_1_91' title='bbox 513 2008 591 2079; x_wconf 89' lang='lat' dir='ltr'><strong>iure</strong></span> <span class='ocrx_word' id='word_1_92' title='bbox 608 2033 681 2078; x_wconf 91' lang='lat' dir='ltr'><strong>nun</strong></span> <span class='ocrx_word' id='word_1_93' title='bbox 704 2006 819 2079; x_wconf 88' lang='lat' dir='ltr'><strong>valeat</strong></span> <span class='ocrx_word' id='word_1_94' title='bbox 836 2019 1061 2098; x_wconf 80' lang='lat' dir='ltr'><strong>necteneat,</strong></span> <span class='ocrx_word' id='word_1_95' title='bbox 1080 2021 1116 2079; x_wconf 86' lang='lat' dir='ltr'><strong>et</strong></span> <span class='ocrx_word' id='word_1_96' title='bbox 1135 2007 1315 2079; x_wconf 89' lang='lat' dir='ltr'><strong>iusdicens</strong></span> 
     </span>
     <span class='ocr_line' id='line_1_16' title="bbox 252 2121 1316 2225; baseline 0 -29"><span class='ocrx_word' id='word_1_97' title='bbox 252 2148 314 2196; x_wconf 88' lang='lat' dir='ltr'><strong>scu</strong></span> <span class='ocrx_word' id='word_1_98' title='bbox 333 2121 493 2196; x_wconf 82' lang='lat' dir='ltr'><strong>offitialis</strong></span> <span class='ocrx_word' id='word_1_99' title='bbox 509 2127 571 2222; x_wconf 92' lang='lat' dir='ltr'><strong>qui</strong></span> <span class='ocrx_word' id='word_1_100' title='bbox 589 2123 849 2218; x_wconf 78' lang='lat' dir='ltr'><strong>contrafecerit,</strong></span> <span class='ocrx_word' id='word_1_101' title='bbox 863 2126 1150 2225; x_wconf 88' lang='lat' dir='ltr'><strong>condempnetur</strong></span> <span class='ocrx_word' id='word_1_102' title='bbox 1164 2127 1201 2197; x_wconf 91' lang='lat' dir='ltr'><strong>in</strong></span> <span class='ocrx_word' id='word_1_103' title='bbox 1216 2126 1316 2197; x_wconf 86' lang='lat' dir='ltr'><strong>libris</strong></span> 
     </span>
     <span class='ocr_line' id='line_1_17' title="bbox 252 2241 1316 2344; baseline 0.003 -31"><span class='ocrx_word' id='word_1_104' title='bbox 252 2241 449 2314; x_wconf 89' lang='lat' dir='ltr'><strong>ducentum</strong></span> <span class='ocrx_word' id='word_1_105' title='bbox 477 2244 701 2344; x_wconf 84' lang='lat' dir='ltr'><strong>tertiolorum</strong></span> <span class='ocrx_word' id='word_1_106' title='bbox 729 2242 891 2342; x_wconf 88' lang='lat' dir='ltr'><strong>qualibet</strong></span> <span class='ocrx_word' id='word_1_107' title='bbox 912 2245 1007 2336; x_wconf 91' lang='lat' dir='ltr'><strong>vice,</strong></span> <span class='ocrx_word' id='word_1_108' title='bbox 1027 2259 1063 2316; x_wconf 89' lang='lat' dir='ltr'><strong>et</strong></span> <span class='ocrx_word' id='word_1_109' title='bbox 1079 2246 1227 2344; x_wconf 91' lang='lat' dir='ltr'><strong>insuper</strong></span> <span class='ocrx_word' id='word_1_110' title='bbox 1251 2270 1316 2342; x_wconf 93' lang='lat' dir='ltr'><strong>po·</strong></span> 
     </span>
     <span class='ocr_line' id='line_1_18' title="bbox 253 2359 1316 2463; baseline 0.001 -32"><span class='ocrx_word' id='word_1_111' title='bbox 253 2373 362 2449; x_wconf 88' lang='lat' dir='ltr'><strong>testas</strong></span> <span class='ocrx_word' id='word_1_112' title='bbox 389 2376 515 2434; x_wconf 91' lang='lat' dir='ltr'><strong>contra</strong></span> <span class='ocrx_word' id='word_1_113' title='bbox 541 2359 611 2434; x_wconf 91' lang='lat' dir='ltr'><strong>hoc</strong></span> <span class='ocrx_word' id='word_1_114' title='bbox 636 2387 846 2462; x_wconf 85' lang='lat' dir='ltr'><strong>proponens</strong></span> <span class='ocrx_word' id='word_1_115' title='bbox 872 2364 950 2462; x_wconf 91' lang='lat' dir='ltr'><strong>ipso</strong></span> <span class='ocrx_word' id='word_1_116' title='bbox 968 2363 1044 2434; x_wconf 89' lang='lat' dir='ltr'><strong>iure</strong></span> <span class='ocrx_word' id='word_1_117' title='bbox 1061 2388 1127 2463; x_wconf 90' lang='lat' dir='ltr'><strong>pro</strong></span> <span class='ocrx_word' id='word_1_118' title='bbox 1147 2362 1316 2434; x_wconf 91' lang='lat' dir='ltr'><strong>condem-</strong></span> 
     </span>
    </p>
   </div>
   <div class='ocr_carea' id='block_1_2' title="bbox 208 2478 1314 3144">
    <p class='ocr_par' dir='ltr' id='par_1_4' title="bbox 208 2478 1314 3144">
     <span class='ocr_line' id='line_1_19' title="bbox 251 2478 1313 2582; baseline 0.003 -33"><span class='ocrx_word' id='word_1_119' title='bbox 251 2492 364 2578; x_wconf 89' lang='lat' dir='ltr'><strong>pnato</strong></span> <span class='ocrx_word' id='word_1_120' title='bbox 381 2478 558 2553; x_wconf 87' lang='lat' dir='ltr'><strong>habeatur</strong></span> <span class='ocrx_word' id='word_1_121' title='bbox 574 2483 611 2552; x_wconf 91' lang='lat' dir='ltr'><strong>in</strong></span> <span class='ocrx_word' id='word_1_122' title='bbox 631 2481 731 2552; x_wconf 87' lang='lat' dir='ltr'><strong>libris</strong></span> <span class='ocrx_word' id='word_1_123' title='bbox 750 2483 1055 2582; x_wconf 87' lang='lat' dir='ltr'><strong>quinquecentum</strong></span> <span class='ocrx_word' id='word_1_124' title='bbox 1074 2479 1313 2574; x_wconf 85' lang='lat' dir='ltr'><strong>tertiolorum,</strong></span> 
     </span>
     <span class='ocr_line' id='line_1_20' title="bbox 252 2598 1314 2689; baseline 0.003 -21"><span class='ocrx_word' id='word_1_125' title='bbox 252 2611 289 2668; x_wconf 88' lang='lat' dir='ltr'><strong>et</strong></span> <span class='ocrx_word' id='word_1_126' title='bbox 313 2599 537 2670; x_wconf 90' lang='lat' dir='ltr'><strong>consiliarius</strong></span> <span class='ocrx_word' id='word_1_127' title='bbox 564 2600 600 2669; x_wconf 91' lang='lat' dir='ltr'><strong>in</strong></span> <span class='ocrx_word' id='word_1_128' title='bbox 626 2599 726 2671; x_wconf 89' lang='lat' dir='ltr'><strong>libris</strong></span> <span class='ocrx_word' id='word_1_129' title='bbox 752 2601 949 2672; x_wconf 87' lang='lat' dir='ltr'><strong>ducentum</strong></span> <span class='ocrx_word' id='word_1_130' title='bbox 979 2598 1124 2689; x_wconf 84' lang='lat' dir='ltr'><strong>tertiol.;</strong></span> <span class='ocrx_word' id='word_1_131' title='bbox 1151 2613 1189 2670; x_wconf 90' lang='lat' dir='ltr'><strong>et</strong></span> <span class='ocrx_word' id='word_1_132' title='bbox 1207 2600 1314 2672; x_wconf 83' lang='lat' dir='ltr'><strong>iudex</strong></span> 
     </span>
     <span class='ocr_line' id='line_1_21' title="bbox 252 2713 1313 2817; baseline 0.005 -32"><span class='ocrx_word' id='word_1_133' title='bbox 252 2714 322 2786; x_wconf 88' lang='lat' dir='ltr'><strong>hoc</strong></span> <span class='ocrx_word' id='word_1_134' title='bbox 349 2713 468 2788; x_wconf 85' lang='lat' dir='ltr'><strong>iacere</strong></span> <span class='ocrx_word' id='word_1_135' title='bbox 494 2716 626 2807; x_wconf 86' lang='lat' dir='ltr'><strong>debeat</strong></span> <span class='ocrx_word' id='word_1_136' title='bbox 651 2720 797 2817; x_wconf 74' lang='lat' dir='ltr'><strong>precise</strong></span> <span class='ocrx_word' id='word_1_137' title='bbox 817 2731 853 2789; x_wconf 90' lang='lat' dir='ltr'><strong>et</strong></span> <span class='ocrx_word' id='word_1_138' title='bbox 870 2717 997 2790; x_wconf 85' lang='lat' dir='ltr'><strong>debent</strong></span> <span class='ocrx_word' id='word_1_139' title='bbox 1014 2743 1169 2809; x_wconf 90' lang='lat' dir='ltr'><strong>servare,</strong></span> <span class='ocrx_word' id='word_1_140' title='bbox 1187 2730 1223 2790; x_wconf 92' lang='lat' dir='ltr'><strong>et</strong></span> <span class='ocrx_word' id='word_1_141' title='bbox 1240 2745 1313 2790; x_wconf 92' lang='lat' dir='ltr'><strong>non</strong></span> 
     </span>
     <span class='ocr_line' id='line_1_22' title="bbox 252 2833 1314 2936; baseline 0.004 -32"><span class='ocrx_word' id='word_1_142' title='bbox 252 2834 367 2932; x_wconf 89' lang='lat' dir='ltr'><strong>possit</strong></span> <span class='ocrx_word' id='word_1_143' title='bbox 391 2833 475 2905; x_wconf 89' lang='lat' dir='ltr'><strong>huic</strong></span> <span class='ocrx_word' id='word_1_144' title='bbox 508 2847 643 2907; x_wconf 89' lang='lat' dir='ltr'><strong>statuto</strong></span> <span class='ocrx_word' id='word_1_145' title='bbox 669 2837 706 2906; x_wconf 94' lang='lat' dir='ltr'><strong>in</strong></span> <span class='ocrx_word' id='word_1_146' title='bbox 733 2835 853 2932; x_wconf 93' lang='lat' dir='ltr'><strong>aliquo</strong></span> <span class='ocrx_word' id='word_1_147' title='bbox 880 2835 1046 2933; x_wconf 85' lang='lat' dir='ltr'><strong>derogari</strong></span> <span class='ocrx_word' id='word_1_148' title='bbox 1073 2859 1137 2936; x_wconf 89' lang='lat' dir='ltr'><strong>per</strong></span> <span class='ocrx_word' id='word_1_149' title='bbox 1167 2836 1314 2932; x_wconf 88' lang='lat' dir='ltr'><strong>aliquod</strong></span> 
     </span>
     <span class='ocr_line' id='line_1_23' title="bbox 208 2950 1314 3053; baseline 0.005 -32"><span class='ocrx_word' id='word_1_150' title='bbox 208 3037 209 3042; x_wconf 6' lang='grc' dir='ltr'><strong>Ἰ</strong></span> <span class='ocrx_word' id='word_1_151' title='bbox 252 2950 456 3044; x_wconf 88' lang='lat' dir='ltr'><strong>arbitrium,</strong></span> <span class='ocrx_word' id='word_1_152' title='bbox 483 2977 694 3025; x_wconf 88' lang='lat' dir='ltr'><strong>concessum</strong></span> <span class='ocrx_word' id='word_1_153' title='bbox 712 2953 770 3026; x_wconf 84' lang='lat' dir='ltr'><strong>vel</strong></span> <span class='ocrx_word' id='word_1_154' title='bbox 790 2951 1064 3024; x_wconf 88' lang='lat' dir='ltr'><strong>concedendum</strong></span> <span class='ocrx_word' id='word_1_155' title='bbox 1091 2952 1195 3024; x_wconf 88' lang='lat' dir='ltr'><strong>alicui</strong></span> <span class='ocrx_word' id='word_1_156' title='bbox 1213 2967 1314 3053; x_wconf 90' lang='lat' dir='ltr'><strong>pote·</strong></span> 
     </span>
     <span class='ocr_line' id='line_1_24' title="bbox 254 3067 633 3144; baseline 0.016 -6"><span class='ocrx_word' id='word_1_157' title='bbox 254 3071 336 3141; x_wconf 89' lang='lat' dir='ltr'><strong>stati</strong></span> <span class='ocrx_word' id='word_1_158' title='bbox 362 3069 427 3144; x_wconf 87' lang='lat' dir='ltr'><strong>vel</strong></span> <span class='ocrx_word' id='word_1_159' title='bbox 446 3067 588 3144; x_wconf 84' lang='lat' dir='ltr'><strong>offitiali</strong></span> <span class='ocrx_word' id='word_1_160' title='bbox 605 3077 633 3144; x_wconf 67' lang='lat' dir='ltr'><strong>l.</strong></span> 
     </span>
    </p>
   </div>
   <div class='ocr_carea' id='block_1_3' title="bbox 254 3303 1311 4243">
    <p class='ocr_par' dir='ltr' id='par_1_5' title="bbox 254 3303 1311 3987">
     <span class='ocr_line' id='line_1_25' title="bbox 254 3303 1311 3395; baseline 0.004 -23"><span class='ocrx_word' id='word_1_161' title='bbox 254 3329 270 3372; x_wconf 74' lang='lat' dir='ltr'><strong>a</strong></span> <span class='ocrx_word' id='word_1_162' title='bbox 295 3323 432 3377; x_wconf 84' lang='lat' dir='ltr'><strong>statutum</strong></span> <span class='ocrx_word' id='word_1_163' title='bbox 449 3321 502 3377; x_wconf 87' lang='lat' dir='ltr'><strong>hoc</strong></span> <span class='ocrx_word' id='word_1_164' title='bbox 518 3303 617 3379; x_wconf 81' lang='lat' dir='ltr'><strong>revera</strong></span> <span class='ocrx_word' id='word_1_165' title='bbox 627 3322 784 3378; x_wconf 83' lang='lat' dir='ltr'><strong>executioni</strong></span> <span class='ocrx_word' id='word_1_166' title='bbox 800 3323 925 3378; x_wconf 85' lang='lat' dir='ltr'><strong>mandari</strong></span> <span class='ocrx_word' id='word_1_167' title='bbox 935 3337 970 3378; x_wconf 89' lang='lat' dir='ltr'><strong>eo</strong></span> <span class='ocrx_word' id='word_1_168' title='bbox 984 3327 1108 3395; x_wconf 88' lang='lat' dir='ltr'><strong>temporo</strong></span> <span class='ocrx_word' id='word_1_169' title='bbox 1126 3323 1311 3378; x_wconf 79' lang='lat' dir='ltr'><strong>consuevisse</strong></span> 
     </span>
     <span class='ocr_line' id='line_1_26' title="bbox 327 3406 1304 3477; baseline 0 -17"><span class='ocrx_word' id='word_1_170' title='bbox 327 3407 427 3477; x_wconf 88' lang='lat' dir='ltr'><strong>probat</strong></span> <span class='ocrx_word' id='word_1_171' title='bbox 442 3407 585 3462; x_wconf 86' lang='lat' dir='ltr'><strong>decretum</strong></span> <span class='ocrx_word' id='word_1_172' title='bbox 595 3407 655 3466; x_wconf 81' lang='lat' dir='ltr'><strong>,hoc</strong></span> <span class='ocrx_word' id='word_1_173' title='bbox 672 3406 769 3464; x_wconf 85' lang='lat' dir='ltr'><strong>ducale</strong></span> <span class='ocrx_word' id='word_1_174' title='bbox 785 3408 839 3463; x_wconf 91' lang='lat' dir='ltr'><strong>hae</strong></span> <span class='ocrx_word' id='word_1_175' title='bbox 856 3407 924 3463; x_wconf 88' lang='lat' dir='ltr'><strong>urbe</strong></span> <span class='ocrx_word' id='word_1_176' title='bbox 942 3408 1035 3465; x_wconf 89' lang='lat' dir='ltr'><strong>datum</strong></span> <span class='ocrx_word' id='word_1_177' title='bbox 1051 3422 1133 3464; x_wconf 82' lang='lat' dir='ltr'><strong>xxvu</strong></span> <span class='ocrx_word' id='word_1_178' title='bbox 1150 3406 1194 3462; x_wconf 89' lang='lat' dir='ltr'><strong>die</strong></span> <span class='ocrx_word' id='word_1_179' title='bbox 1211 3407 1304 3462; x_wconf 88' lang='lat' dir='ltr'><strong>martii</strong></span> 
     </span>
     <span class='ocr_line' id='line_1_27' title="bbox 327 3491 1304 3562; baseline 0 -16"><span class='ocrx_word' id='word_1_180' title='bbox 327 3507 352 3547; x_wconf 89' lang='lat' dir='ltr'><strong>a.</strong></span> <span class='ocrx_word' id='word_1_181' title='bbox 368 3492 544 3548; x_wconf 79' lang='lat' dir='ltr'><strong>ucccxcnn:</strong></span> <span class='ocrx_word' id='word_1_182' title='bbox 564 3497 649 3548; x_wconf 65' lang='lat' dir='ltr'><strong>«Dux</strong></span> <span class='ocrx_word' id='word_1_183' title='bbox 661 3492 809 3548; x_wconf 84' lang='lat' dir='ltr'><strong>Mediolani</strong></span> <span class='ocrx_word' id='word_1_184' title='bbox 818 3497 869 3548; x_wconf 86' lang='lat' dir='ltr'><strong>etc.</strong></span> <span class='ocrx_word' id='word_1_185' title='bbox 881 3499 1019 3549; x_wconf 77' lang='lat' dir='ltr'><strong>Terrorem</strong></span> <span class='ocrx_word' id='word_1_186' title='bbox 1030 3491 1187 3562; x_wconf 87' lang='lat' dir='ltr'><strong>accepimus</strong></span> <span class='ocrx_word' id='word_1_187' title='bbox 1199 3493 1304 3547; x_wconf 85' lang='lat' dir='ltr'><strong>tenoris</strong></span> 
     </span>
     <span class='ocr_line' id='line_1_28' title="bbox 329 3575 1304 3646; baseline -0.001 -14"><span class='ocrx_word' id='word_1_188' title='bbox 329 3598 341 3624; x_wconf 78' lang='lat' dir='ltr'><strong>v</strong></span> <span class='ocrx_word' id='word_1_189' title='bbox 360 3575 539 3646; x_wconf 77' lang='lat' dir='ltr'><strong>infrascripti,</strong></span> <span class='ocrx_word' id='word_1_190' title='bbox 551 3577 693 3633; x_wconf 89' lang='lat' dir='ltr'><strong>videlicet:</strong></span> <span class='ocrx_word' id='word_1_191' title='bbox 712 3577 898 3634; x_wconf 79' lang='lat' dir='ltr'><strong>illustrissime</strong></span> <span class='ocrx_word' id='word_1_192' title='bbox 911 3577 1093 3634; x_wconf 86' lang='lat' dir='ltr'><strong>dominationi</strong></span> <span class='ocrx_word' id='word_1_193' title='bbox 1110 3581 1199 3632; x_wconf 87' lang='lat' dir='ltr'><strong>vestre</strong></span> <span class='ocrx_word' id='word_1_194' title='bbox 1212 3575 1304 3632; x_wconf 86' lang='lat' dir='ltr'><strong>ducali</strong></span> 
     </span>
     <span class='ocr_line' id='line_1_29' title="bbox 326 3660 1302 3731; baseline 0.001 -17"><span class='ocrx_word' id='word_1_195' title='bbox 326 3679 340 3706; x_wconf 68' lang='lat' dir='ltr'><strong>n</strong></span> <span class='ocrx_word' id='word_1_196' title='bbox 360 3675 411 3730; x_wconf 89' lang='lat' dir='ltr'><strong>pro</strong></span> <span class='ocrx_word' id='word_1_197' title='bbox 426 3666 506 3731; x_wconf 87' lang='lat' dir='ltr'><strong>parte</strong></span> <span class='ocrx_word' id='word_1_198' title='bbox 523 3663 609 3718; x_wconf 88' lang='lat' dir='ltr'><strong>vostri</strong></span> <span class='ocrx_word' id='word_1_199' title='bbox 625 3660 790 3718; x_wconf 89' lang='lat' dir='ltr'><strong>miserabilis</strong></span> <span class='ocrx_word' id='word_1_200' title='bbox 808 3661 1088 3720; x_wconf 84' lang='lat' dir='ltr'><strong>servitorisBeltrami</strong></span> <span class='ocrx_word' id='word_1_201' title='bbox 1100 3660 1212 3730; x_wconf 78' lang='lat' dir='ltr'><strong>Malgari</strong></span> <span class='ocrx_word' id='word_1_202' title='bbox 1222 3661 1302 3716; x_wconf 88' lang='lat' dir='ltr'><strong>habi·</strong></span> 
     </span>
     <span class='ocr_line' id='line_1_30' title="bbox 329 3745 1303 3818; baseline 0.004 -20"><span class='ocrx_word' id='word_1_203' title='bbox 329 3764 342 3790; x_wconf 75' lang='lat' dir='ltr'><strong>n</strong></span> <span class='ocrx_word' id='word_1_204' title='bbox 362 3746 447 3800; x_wconf 86' lang='lat' dir='ltr'><strong>tantis</strong></span> <span class='ocrx_word' id='word_1_205' title='bbox 460 3745 490 3800; x_wconf 93' lang='lat' dir='ltr'><strong>in</strong></span> <span class='ocrx_word' id='word_1_206' title='bbox 506 3745 568 3802; x_wconf 88' lang='lat' dir='ltr'><strong>loco</strong></span> <span class='ocrx_word' id='word_1_207' title='bbox 585 3747 619 3802; x_wconf 89' lang='lat' dir='ltr'><strong>de</strong></span> <span class='ocrx_word' id='word_1_208' title='bbox 637 3745 802 3804; x_wconf 85' lang='lat' dir='ltr'><strong>Monticellis</strong></span> <span class='ocrx_word' id='word_1_209' title='bbox 819 3747 908 3818; x_wconf 88' lang='lat' dir='ltr'><strong>plebis</strong></span> <span class='ocrx_word' id='word_1_210' title='bbox 925 3763 947 3802; x_wconf 87' lang='lat' dir='ltr'><strong>s.</strong></span> <span class='ocrx_word' id='word_1_211' title='bbox 965 3745 1063 3802; x_wconf 80' lang='lat' dir='ltr'><strong>Donati</strong></span> <span class='ocrx_word' id='word_1_212' title='bbox 1080 3745 1195 3800; x_wconf 86' lang='lat' dir='ltr'><strong>ducatus</strong></span> <span class='ocrx_word' id='word_1_213' title='bbox 1218 3747 1303 3802; x_wconf 87' lang='lat' dir='ltr'><strong>vestri</strong></span> 
     </span>
     <span class='ocr_line' id='line_1_31' title="bbox 317 3829 1303 3902; baseline 0.004 -20"><span class='ocrx_word' id='word_1_214' title='bbox 317 3849 341 3902; x_wconf 77' lang='lat'><strong>.”</strong></span> <span class='ocrx_word' id='word_1_215' title='bbox 360 3829 523 3900; x_wconf 80' lang='lat' dir='ltr'><strong>Mediolani,</strong></span> <span class='ocrx_word' id='word_1_216' title='bbox 536 3834 568 3886; x_wconf 89' lang='lat' dir='ltr'><strong>ut</strong></span> <span class='ocrx_word' id='word_1_217' title='bbox 583 3847 646 3888; x_wconf 90' lang='lat' dir='ltr'><strong>cum</strong></span> <span class='ocrx_word' id='word_1_218' title='bbox 663 3832 699 3887; x_wconf 90' lang='lat' dir='ltr'><strong>sit</strong></span> <span class='ocrx_word' id='word_1_219' title='bbox 713 3832 871 3902; x_wconf 85' lang='lat' dir='ltr'><strong>¹descriptus</strong></span> <span class='ocrx_word' id='word_1_220' title='bbox 883 3837 911 3887; x_wconf 86' lang='lat' dir='ltr'><strong>et</strong></span> <span class='ocrx_word' id='word_1_221' title='bbox 923 3832 1072 3888; x_wconf 70' lang='lat' dir='ltr'><strong>estimatus</strong></span> <span class='ocrx_word' id='word_1_222' title='bbox 1089 3830 1118 3886; x_wconf 93' lang='lat' dir='ltr'><strong>in</strong></span> <span class='ocrx_word' id='word_1_223' title='bbox 1134 3831 1303 3887; x_wconf 87' lang='lat' dir='ltr'><strong>monasterio</strong></span> 
     </span>
     <span class='ocr_line' id='line_1_32' title="bbox 329 3913 855 3987; baseline 0.008 -21"><span class='ocrx_word' id='word_1_224' title='bbox 329 3914 396 3968; x_wconf 69' lang='lat' dir='ltr'><strong>ude</strong></span> <span class='ocrx_word' id='word_1_225' title='bbox 414 3913 478 3969; x_wconf 85' lang='lat' dir='ltr'><strong>zelo</strong></span> <span class='ocrx_word' id='word_1_226' title='bbox 495 3916 679 3987; x_wconf 84' lang='lat' dir='ltr'><strong>suprascripte</strong></span> <span class='ocrx_word' id='word_1_227' title='bbox 696 3916 785 3987; x_wconf 88' lang='lat' dir='ltr'><strong>plebis</strong></span> <span class='ocrx_word' id='word_1_228' title='bbox 802 3921 855 3972; x_wconf 89' lang='lat' dir='ltr'><strong>etc.</strong></span> 
     </span>
    </p>

    <p class='ocr_par' dir='ltr' id='par_1_6' title="bbox 329 3997 1303 4243">
     <span class='ocr_line' id='line_1_33' title="bbox 362 3997 1303 4072; baseline 0.004 -21"><span class='ocrx_word' id='word_1_229' title='bbox 362 4020 374 4046; x_wconf 86' lang='lat'>»</span> <span class='ocrx_word' id='word_1_230' title='bbox 394 3997 555 4069; x_wconf 83' lang='lat' dir='ltr'><strong>Disponitur</strong></span> <span class='ocrx_word' id='word_1_231' title='bbox 566 4001 640 4072; x_wconf 91' lang='lat' dir='ltr'><strong>quod</strong></span> <span class='ocrx_word' id='word_1_232' title='bbox 652 4001 711 4070; x_wconf 89' lang='lat' dir='ltr'><strong>ipse</strong></span> <span class='ocrx_word' id='word_1_233' title='bbox 723 4000 848 4057; x_wconf 91' lang='lat' dir='ltr'><strong>solvente</strong></span> <span class='ocrx_word' id='word_1_234' title='bbox 859 4001 1016 4072; x_wconf 88' lang='lat' dir='ltr'><strong>portionem</strong></span> <span class='ocrx_word' id='word_1_235' title='bbox 1031 4015 1141 4056; x_wconf 87' lang='lat' dir='ltr'><strong>suarum</strong></span> <span class='ocrx_word' id='word_1_236' title='bbox 1157 3997 1303 4067; x_wconf 61' lang='lat' dir='ltr'><strong>talearum}</strong></span> 
     </span>
     <span class='ocr_line' id='line_1_34' title="bbox 329 4083 1110 4153; baseline -0.004 -15"><span class='ocrx_word' id='word_1_237' title='bbox 329 4103 341 4128; x_wconf 71' lang='grc' dir='ltr'><strong>υ</strong></span> <span class='ocrx_word' id='word_1_238' title='bbox 362 4099 413 4153; x_wconf 87' lang='lat' dir='ltr'><strong>pro</strong></span> <span class='ocrx_word' id='word_1_239' title='bbox 430 4083 492 4140; x_wconf 89' lang='lat' dir='ltr'><strong>aliis</strong></span> <span class='ocrx_word' id='word_1_240' title='bbox 510 4099 565 4140; x_wconf 91' lang='lat' dir='ltr'><strong>non</strong></span> <span class='ocrx_word' id='word_1_241' title='bbox 583 4083 755 4142; x_wconf 89' lang='lat' dir='ltr'><strong>solventibus</strong></span> <span class='ocrx_word' id='word_1_242' title='bbox 772 4101 829 4142; x_wconf 90' lang='lat' dir='ltr'><strong>non</strong></span> <span class='ocrx_word' id='word_1_243' title='bbox 846 4085 1009 4142; x_wconf 88' lang='lat' dir='ltr'><strong>molestetur</strong></span> <span class='ocrx_word' id='word_1_244' title='bbox 1024 4090 1078 4140; x_wconf 87' lang='lat' dir='ltr'><strong>etc.</strong></span> <span class='ocrx_word' id='word_1_245' title='bbox 1097 4108 1110 4134; x_wconf 70' lang='grc' dir='ltr'><strong>ι»</strong></span> 
     </span>
     <span class='ocr_line' id='line_1_35' title="bbox 428 4169 1276 4243; baseline -0.001 -20"><span class='ocrx_word' id='word_1_246' title='bbox 428 4171 486 4237; x_wconf 74' lang='lat' dir='ltr'><strong>(Ea</strong></span> <span class='ocrx_word' id='word_1_247' title='bbox 505 4170 568 4225; x_wconf 82' lang='lat' dir='ltr'><strong>cod.</strong></span> <span class='ocrx_word' id='word_1_248' title='bbox 588 4185 636 4224; x_wconf 75' lang='lat' dir='ltr'><strong>ms.</strong></span> <span class='ocrx_word' id='word_1_249' title='bbox 656 4173 794 4242; x_wconf 68' lang='lat' dir='ltr'><strong>Faunum,</strong></span> <span class='ocrx_word' id='word_1_250' title='bbox 808 4186 873 4242; x_wconf 69' lang='lat' dir='ltr'><strong>pop.</strong></span> <span class='ocrx_word' id='word_1_251' title='bbox 891 4175 934 4240; x_wconf 82' lang='lat'><strong>86,</strong></span> <span class='ocrx_word' id='word_1_252' title='bbox 952 4171 992 4225; x_wconf 88' lang='lat' dir='ltr'><strong>c.⁰</strong></span> <span class='ocrx_word' id='word_1_253' title='bbox 1007 4172 1038 4226; x_wconf 80' lang='lat' dir='ltr'><strong>in</strong></span> <span class='ocrx_word' id='word_1_254' title='bbox 1056 4170 1128 4226; x_wconf 76' lang='lat' dir='ltr'><strong>etet.</strong></span> <span class='ocrx_word' id='word_1_255' title='bbox 1147 4169 1276 4243; x_wconf 59' lang='lat' dir='ltr'><strong>Amin).</strong></span> 
     </span>
    </p>
   </div>
   <div class='ocr_carea' id='block_1_4' title="bbox 0 0 1712 5054">
    <p class='ocr_par' dir='ltr' id='par_1_7' title="bbox 0 0 1712 5054">
     <span class='ocr_line' id='line_1_36' title="bbox 0 0 1712 5054; baseline 0 0"><span class='ocrx_word' id='word_1_256' title='bbox 0 0 1712 5054; x_wconf 95' lang='lat' dir='ltr'><strong> </strong></span> 
     </span>
    </p>
   </div>
  </div>
 </body>
</html>
