3416 5054
381 369 387 376 -
1245 317 1290 390 ’Π

240 451 391 530 moram
418 397 568 508 refectio
595 429 740 498 comani
770 427 964 501 Mediolani
991 432 1187 530 pertineat,
1215 432 1295 506 resr-

239 552 374 622 tlantur
399 549 642 646 quamcitius
667 565 746 620 esse
773 549 926 646 poterit,
951 561 988 620 et
1015 550 1113 647 ipsos
1139 549 1293 625 refectos

237 670 412 759 retinere,
437 677 474 738 et
499 664 597 736 idem
622 685 751 736 curare
777 677 970 744 teneantur
997 666 1043 738 de
1072 669 1193 740 stratis
1220 695 1296 742 rea*

237 782 382 883 ptnndis
399 797 472 856 tam
490 783 687 854 incivitate
712 805 820 882 quam
846 782 1038 876 comitatu,
1057 795 1094 856 et
1112 784 1191 856 aliis
1207 811 1295 886 pon⁴

238 903 422 1001 libusqui
448 893 583 972 debent
607 891 688 971 fieri
714 923 779 972 seu
804 902 961 1000 reaptari
982 925 1050 1002 per
1071 903 1207 1002 aliquas
1227 907 1296 977 sin·
1380 909 1383 916 '

238 1021 379 1120 gulares
412 1037 608 1117 personas,
642 1017 794 1116 collegia
828 1017 886 1089 vel
918 1021 1193 1114 universitates,
1232 1043 1296 1123 per

238 1157 437 1235 quasaqna
453 1136 647 1208 duceretur
663 1133 721 1206 vel
738 1135 810 1206 alio
825 1135 954 1226 modo;
981 1151 1016 1209 et
1035 1139 1133 1236 quod
1155 1122 1307 1213 aenean-l

237 1271 297 1330 tur
318 1259 392 1330 duo
415 1278 459 1328 ex
483 1259 533 1328 els
557 1256 604 1328 nd
626 1258 746 1326 minus
775 1255 884 1328 semel
907 1259 946 1328 in
963 1279 1106 1350 mense,
1131 1271 1169 1330 et
1186 1262 1295 1332 etiam
1336 1313 1338 1316 ψ
1372 1269 1382 1278 “

236 1376 317 1476 plus
352 1375 382 1448 si
416 1395 566 1450 necesse
599 1372 729 1464 fuerit,
763 1374 816 1446 ire
849 1372 945 1446 foras
979 1375 1026 1446 ad
1059 1374 1295 1450 circhendum

233 1506 361 1594 pontes
378 1505 416 1564 et
431 1503 564 1563 stratas
591 1513 657 1589 pro
677 1493 729 1562 eis
747 1491 956 1588 reaptandis
978 1505 1016 1566 et
1033 1493 1209 1587 videndis,
1228 1495 1295 1567 sub

236 1635 330 1709 pena
363 1611 536 1682 librarum
574 1621 719 1680 centum
753 1606 983 1680 tertiolorum
1022 1635 1091 1708 pro
1132 1611 1297 1708 quolibet

237 1732 415 1828 ipsorum3
442 1741 480 1798 et
497 1749 569 1799 non
586 1729 726 1826 possint
742 1729 910 1798 romania
926 1727 1126 1827 burgorum
1141 1742 1183 1802 et
1198 1728 1296 1804 loco-

234 1867 316 1917 rum
350 1858 388 1918 et
420 1859 598 1918 terrarum
634 1846 824 1916 comitatus
861 1845 1059 1918 Mediolani
1096 1846 1297 1944 aliqualiter
1413 1933 1418 1950 ⁸

236 1965 419 2037 molestari
445 1964 636 2034 occasione
661 1961 865 2034 refectionis
891 1973 1105 2056 stratarum,
1123 1966 1192 2036 nisi
1209 1991 1295 2064 qua-

236 2096 338 2154 tenus
364 2079 473 2154 fuerit
498 2080 737 2153 deliberatum
762 2103 828 2179 per
853 2083 951 2180 ipsos
974 2082 1139 2154 dominos
1159 2109 1220 2156 sex
1237 2079 1296 2156 vel
1349 2114 1352 2119 ·

236 2223 421 2297 moyerem·
442 2213 582 2300 partem
614 2223 765 2288 eorum3
796 2211 834 2270 et
859 2210 1020 2296 potestas
1049 2200 1107 2271 vel
1139 2203 1296 2274 vicarius

235 2343 319 2390 suus
353 2329 516 2390 teneatur
548 2311 672 2390 debito
706 2319 919 2388 sacramenti
951 2317 1133 2415 inquirere
1167 2319 1294 2394 contra

234 2435 420 2534 predictos
453 2457 577 2506 omnes
612 2447 650 2508 et
681 2435 863 2531 singulos,
899 2436 928 2504 si
961 2437 997 2506 in
1029 2437 1203 2534 predictis
1235 2438 1293 2510 vel

235 2551 356 2650 aliquo
382 2575 508 2625 eorum
533 2550 666 2624 fuerint
691 2551 929 2648 negligentes,
957 2565 994 2624 et
1020 2575 1081 2624 eos
1107 2557 1237 2652 punire
1257 2571 1293 2627 et

235 2670 500 2768 condempnare
518 2682 695 2767 utsupra.
715 2669 887 2742 Preterea
904 2666 1062 2743 debeant
1079 2693 1289 2770 procurare,

234 2783 333 2884 quod
359 2798 523 2884 potestas
549 2785 650 2858 fatiat
675 2786 805 2859 bonam
830 2787 1096 2860 satisdationem
1114 2811 1184 2886 per
1200 2781 1292 2862 duos

233 2924 375 2976 menses
397 2917 480 2975 ante
498 2903 607 2975 finem
626 2901 681 2974 sui
697 2904 881 3000 regiminis
899 2907 935 2976 in
953 2905 1125 2976 conscilio
1143 2911 1291 3008 mayori,

232 3017 279 3093 de
305 3020 435 3094 stando
458 3021 506 3092 ad
530 3021 744 3092 sindioatnm
772 3033 810 3094 et
836 3019 879 3092 de
903 3019 1076 3094 solvendo
1099 3033 1216 3096 totum
1233 3025 1291 3117 id,

232 3139 330 3212 unde
355 3139 685 3237 condempnaretur
711 3140 792 3238 ipse
814 3138 872 3211 rel
898 3142 976 3212 eius
996 3138 1129 3213 lamilia
1146 3166 1211 3214 seu
1228 3143 1290 3214 ali·

232 3259 314 3354 quis
340 3281 490 3350 eorum,
515 3270 555 3330 et
584 3249 741 3336 debeant
771 3259 843 3356 ipsi·
869 3258 927 3330 vel
959 3258 1033 3330 duo
1058 3283 1104 3332 err
1129 3263 1217 3360 ipsis
1244 3261 1294 3332 ad

233 3377 348 3448 minus
365 3375 527 3474 quolibet
552 3397 677 3446 mense
695 3371 865 3446 carchara
888 3401 951 3448 seu
973 3375 1134 3448 cerchari
1151 3375 1289 3468 facere,

233 3493 263 3562 si
289 3485 454 3564 dominus
479 3504 640 3593 potestas
667 3492 778 3564 habet
804 3504 919 3564 totam
944 3517 1043 3566 suam
1066 3492 1236 3564 familiam
1253 3505 1290 3566 et

233 3631 360 3682 omnes
386 3633 501 3708 equos
525 3623 563 3683 et
588 3610 860 3709 stipendiarios,
880 3611 979 3710 quod
997 3609 1134 3682 hahere
1157 3607 1287 3703 debet,
1323 3695 1325 3698 ,

232 3738 271 3799 et
295 3748 358 3798 eoo
383 3729 649 3826 presentialiter
674 3751 882 3818 numerare3
909 3743 947 3800 et
963 3740 1131 3802 teneatur
1147 3748 1289 3823 curare,

233 3842 333 3942 qnod
358 3857 519 3944 potestas
546 3859 584 3918 et
612 3849 766 3922 vicarius
797 3846 1045 3946 provisionum
1075 3847 1290 3920 mittantde

231 3981 295 4034 sue
319 3960 451 4036 familia
478 3963 525 4036 nd
541 3961 785 4036 multandum
809 3978 941 4062 pontes
966 3963 1231 4064 de'Viglevano
1251 3979 1288 4038 et
1316 3988 1319 3994 ·

231 4079 446 4178 Melsgnano
472 4083 580 4154 etde
612 4078 772 4156 Cossano
805 4093 840 4153 et
864 4081 909 4155 de
936 4064 1093 4183 Voprlo‚
1119 4083 1286 4176 Leaena,
