3386 5122
394 265 440 338 32

385 372 536 450 cuilibet
554 372 777 466 sindicatori;
795 386 833 452 et
847 373 956 452 duret
972 373 1317 455 eorumiuritdictio
1335 401 1453 473 usque

384 499 432 580 nd
457 499 585 599 viginti
611 495 709 589 dies,
736 497 806 575 nisi
830 497 933 597 prius
960 497 1199 572 terminentur
1224 499 1450 596 questiones3

385 630 422 698 et
448 617 478 692 si
505 615 728 716 reperiretur
753 618 871 720 ipsunt
898 627 1116 720 potestatem
1136 614 1192 690 rel
1220 614 1378 720 aliquem
1405 616 1452 690 de

385 735 518 812 familia
546 735 623 812 eius
650 732 787 836 aliquid
814 733 997 814 fraudasse
1015 733 1074 807 vel
1091 733 1452 811 indebite'habuisse

383 853 432 928 de
457 875 563 928 avere
588 851 753 931 comunis
777 851 994 948 Mediolani,
1011 864 1207 926 teneantur
1232 864 1270 930 et
1295 849 1452 932 debeant

384 973 453 1072 ipsi
470 969 709 1043 sindicntores
728 969 998 1070 condempnare
1016 971 1136 1072 ipSum
1152 983 1369 1074 potestatem
1387 997 1452 1046 seu

385 1088 496 1168 aliurn
522 1087 674 1165 deeius
707 1083 843 1163 familia
875 1085 1094 1192 culpabilem
1120 1091 1158 1162 in
1183 1089 1451 1190 quadruplum,

386 1205 549 1286 dandum
574 1217 612 1280 et
636 1205 897 1282 restituendum
923 1208 1070 1282 comuni
1092 1205 1301 1288 Mediolani.
1328 1205 1384 1303 De
1410 1232 1453 1282 eo

385 1337 508 1402 autem
533 1321 635 1422 quod
660 1324 887 1428 accepissent
908 1322 1072 1400 indebite
1090 1322 1135 1400 ab
1153 1323 1273 1428 aliqua
1297 1349 1453 1428 persona

385 1441 445 1522 vel
479 1442 714 1520 universitate
721 1498 733 1534 ,
758 1441 1067 1542 condempnentur
1099 1444 1138 1518 in
1163 1442 1334 1544 duplum3
1360 1455 1398 1520 et
1423 1446 1453 1520 si

386 1559 643 1665 aliquomodo
670 1561 849 1662 privatam
880 1583 1072 1664 personam
1098 1559 1156 1638 vel
1183 1561 1454 1640 universitatem

386 1677 749 1782 condempnaverint,
776 1677 973 1776 dampnum
999 1679 1196 1778 restituant
1229 1703 1339 1783 passo
1370 1703 1453 1754 cun

388 1797 556 1902 expensis
582 1810 620 1870 et
644 1795 798 1872 totidem
817 1797 964 1872 comuni
981 1794 1199 1892 Mediolani,
1217 1797 1316 1876 salva
1332 1821 1456 1901 mayoss

388 1916 494 1994 ritate
520 1938 742 2016 pennatum,
759 1916 790 1992 si
807 1939 879 2016 qua
897 1916 935 1988 in
962 1913 1168 2014 aliquibus
1162 1941 1208 1993 ex
1222 1915 1466 2078 presentibus·

388 2037 536 2114 sanus
557 2031 771 2137 reperiatur
1203 2072 1207 2080 -

440 2151 650 2232 XXXVIII.
678 2151 734 2229 De
751 2149 917 2232 libellis
902 2177 940 2224 cn
959 2175 1072 2226 causa
1092 2151 1297 2229 sindicatus
1322 2153 1450 2232 danda

391 2269 488 2374 infra
514 2273 669 2372 quinque
693 2269 781 2344 dies.

438 2385 569 2464 Liberti
595 2390 659 2490 qui
689 2384 872 2462 dabuntur
903 2384 1051 2462 domino
1076 2391 1250 2490 potestati
1283 2387 1341 2462 uel
1361 2390 1456 2488 veius

392 2506 524 2582 familie
548 2505 603 2578 vel
630 2505 738 2578 alicui
765 2529 891 2580 eorum
909 2517 1074 2610 tempore
1091 2507 1148 2580 sui
1166 2505 1382 2600 sindicatus‚
1397 2505 1458 2580 de·

392 2624 504 2701 beant
528 2622 608 2698 dari
633 2621 727 2698 infra
754 2625 913 2727 quinque
940 2622 1018 2702 dies
1033 2649 1066 2696 -n
1092 2623 1152 2698 die
1179 2626 1314 2699 incoati
1350 2622 1457 2700 offitii

393 2741 650 2824 sindicatorurn
677 2741 960 2849 computandos3
987 2758 1024 2820 et
1040 2742 1175 2846 elapsis
1190 2745 1278 2848 ipsis
1299 2745 1458 2848 quinque

393 2859 548 2954 diebus‚·
566 2859 687 2938 nullus
713 2862 829 2966 possit
855 2861 943 2940 dare
968 2860 1129 2938 libellum
1155 2861 1254 2937 dicto
1286 2863 1459 2966 potestati

393 3004 462 3056 nec.
487 2979 594 3058 alicui
620 2979 666 3056 de
691 2978 828 3056 familia
852 3005 936 3074 sua,
961 3005 1030 3058 nec
1056 2979 1295 3058 sindicatores
1319 2981 1461 3084 possint

393 3122 461 3175 nec
486 3095 640 3174 debeant
665 3098 827 3200 recipere
852 3098 1010 3202 aliquem
1025 3094 1352 3202 libellumpelapsis
1377 3123 1459 3202 pre·

341 3215 343 3220 ’
394 3217 502 3294 dietis
528 3215 690 3319 quinque
707 3213 854 3306 diebus3
867 3225 913 3294 'et
928 3217 1115 3322 predictus
1131 3230 1295 3322 potestas
1320 3230 1358 3293 et
1383 3217 1461 3294 eius

393 3335 545 3430 familia,
563 3334 697 3442 elapsis
721 3335 898 3438 predictis
923 3337 1085 3441 quinque
1107 3335 1251 3430 diebus,
1266 3338 1297 3410 si
1314 3335 1461 3414 libellus

393 3480 469 3531 non
493 3452 604 3530 fuerit
629 3451 737 3530 datus
762 3453 862 3531 dieto
888 3456 1061 3554 potestati
1087 3455 1143 3530 vel
1170 3454 1280 3530 alicui
1310 3453 1361 3530 de·
1381 3455 1462 3528 eiusw

394 3571 541 3666 familia,
554 3573 612 3644 vel
625 3572 815 3670 inquixitio
830 3571 952 3670 aliqua
965 3598 1040 3645 non
1054 3585 1150 3646 esset
1164 3559 1320 3646 formata
1337 3584 1462 3644 contra

395 3693 513 3794 ipsum
548 3703 764 3793 potestatem
791 3689 848 3762 vel
874 3692 952 3766 eius
977 3689 1150 3774 familiam
1182 3692 1268 3794 ipsis
1304 3693 1462 3794 quinque

395 3807 543 3899 diebus,
561 3807 680 3887 dietus
695 3821 867 3910 potestas
891 3811 1010 3908 possit
1033 3811 1256 3911 cumgratia
1282 3811 1353 3883 Dei
1378 3825 1460 3881 curn
1557 3873 1559 3880 .

395 3938 469 3998 tota
504 3951 567 3997 sua
599 3924 734 4004 familia
769 3927 814 4006 ad
839 3927 991 4033 propria
1021 3951 1189 4006 remeare.
1221 3929 1275 3998 Ec
1303 3915 1465 4004 sidieto

394 4044 568 4145 potestati
589 4044 647 4116 vel
664 4042 771 4117 alicui
786 4045 922 4120 deeius
943 4044 1077 4118 familia
1101 4041 1331 4122 insra'dietos
1349 4029 1461 4144 quin-
