3386 5122
412 471 601 569 sequenti,
624 467 680 542 vei
707 468 833 542 saltem
860 470 1040 545 dimittere
1066 479 1250 570 partes'ot
1274 471 1476 569 quamlibet

411 614 536 662 earum
562 587 681 662 facere
706 611 767 662 eas
793 587 989 686 exemplari
1007 607 1075 688 per
1090 614 1202 688 quem
1226 587 1419 680 voluerint,
1437 603 1475 664 et

412 727 471 782 eas
499 706 729 782 subscribere
755 706 823 778 sub
840 733 959 807 penna
976 706 1140 808 predicta
1159 713 1198 780 et
1213 707 1346 800 hanno,
1363 729 1472 807 quana

412 851 567 924 pennam
592 827 699 898 toties
720 825 918 918 incurrant,
935 827 1105 924 quotiens
1125 825 1420 921 commisserint,
1436 839 1475 900 et

411 970 483 1042 que
508 965 628 1044 penna
655 946 884 1042 compensari
909 941 1041 1018 debeat
1057 945 1095 1016 iu
1112 944 1219 1016 feudo
1245 943 1383 1017 domini
1407 969 1473 1044 po⁴

413 1065 555 1136 testatis
582 1083 648 1134 seu
672 1060 783 1156 iilius,
807 1065 869 1160 qui
895 1075 1021 1135 contra
1051 1063 1218 1162 predicta
1242 1064 1298 1137 vel
1325 1063 1472 1164 aliquod

411 1179 663 1280 predictorum
686 1176 828 1269 fecerim
855 1193 893 1254 et
918 1181 1072 1279 quilibet
1097 1183 1216 1280 possit
1239 1202 1411 1256 accusare
1434 1190 1472 1254 et

412 1299 546 1374 habeat
580 1297 829 1390 medietatem,
857 1313 894 1374 ot
926 1298 995 1371 alin
1027 1297 1200 1371 medietas
1232 1302 1280 1374 sit
1307 1301 1471 1374 comunis

414 1416 624 1489 Mediolani.

463 1534 588 1609 XXX„
615 1534 726 1632 Quod
747 1537 980 1609 coadunatus
999 1533 1105 1637 efficii
1118 1535 1381 1630 maHedtiorum
1397 1557 1471 1608 non

403 1668 607 1754 procurent
630 1677 756 1728 coram
781 1655 902 1727 iudice
926 1655 1204 1749 mallefitiorum.

464 1771 702 1844 Coadiutores
720 1769 830 1845 officii
849 1768 1116 1844 mallefitiorum
1134 1797 1208 1844 non
1225 1773 1367 1873 possint
1390 1793 1472 1872 pro-

410 1911 625 1963 ouranense
640 1890 828 1989 postulare
845 1915 967 1962 comm
984 1889 1106 1988 aliquo
1124 1913 1169 1962 ex
1186 1889 1366 1963 iudicibus
1387 1891 1472 1964 mal-

332 2043 336 2048 ’
413 2006 620 2080 lesttiorum.

408 2162 413 2172 ¹
463 2125 605 2198 XXXI.
630 2125 687 2198 De
711 2130 1001 2200 remuneratione
1028 2125 1283 2199 coaduaorwn
1317 2127 1469 2223 maiiest-

411 2250 559 2318 tiorum.

462 2364 636 2463 Accipere
661 2365 801 2464 possint
818 2363 1045 2436 coadiutores
1063 2360 1169 2435 offitii
1188 2360 1470 2454 malleiitiorum,

413 2507 477 2559 seu
494 2507 621 2554 eorum
634 2480 790 2554 offitium
802 2480 990 2571 vendatur,
1004 2506 1071 2580 pro
1088 2484 1264 2582 scriptura
1278 2507 1342 2554 seu
1355 2505 1474 2554 exem-

410 2598 554 2700 platura
574 2624 788 2672 securarum
805 2605 834 2692 Α,
852 2600 1123 2703 inquisitionum
1149 2614 1187 2674 et
1211 2599 1365 2672 aliorum
1389 2625 1473 2701 pro-

411 2741 579 2792 cessuum
604 2731 642 2790 et
659 2715 968 2791 testifficationum
994 2716 1199 2816 imperiales
1223 2731 1379 2818 quatuor
1403 2739 1471 2819 pro

410 2835 572 2935 qualibet
588 2837 769 2938 impagina
790 2861 949 2936 congme
967 2838 1101 2937 scripta
1128 2852 1164 2910 et
1189 2863 1265 2910 non
1280 2836 1389 2931 ultra,
1405 2835 1472 2910 sub

410 2977 533 3054 penna
558 2955 636 3027 aliis
661 2957 815 3027 notariis
840 2955 1194 3056 transgredientibus
1224 2954 1412 3045 ordinata3
1436 2971 1473 3029 et

410 3085 540 3146 contra
566 3098 629 3146 eos
654 3077 704 3148 ita
731 3075 901 3148 credatur
917 3089 955 3148 et
970 3073 1209 3175 procedatur,
1236 3088 1274 3147 et
1300 3074 1348 3148 de
1374 3072 1470 3168 aliis,

410 3193 461 3265 ita
478 3189 577 3292 quod
604 3194 636 3265 si
659 3205 772 3265 testes
797 3194 1019 3294 recipiantur
1043 3217 1111 3291 per
1136 3193 1244 3278 alium
1270 3217 1379 3291 quam
1405 3217 1471 3293 per

409 3313 570 3384 notarios
602 3308 894 3405 malleiiciorum,
927 3311 1025 3409 quod
1058 3313 1172 3411 possit
1205 3313 1322 3413 accipi
1356 3333 1473 3384 exeam

407 3430 509 3534 plum
528 3439 549 3502 ‘a
567 3432 708 3504 notario
725 3431 925 3529 recipiente
951 3444 1074 3522 testes,
1102 3431 1179 3504 sine
1205 3430 1326 3528 aliqua
1343 3430 1474 3503 contri-

407 3547 556 3622 butione
583 3548 747 3624 facienda
774 3549 988 3621 coadiutori.

432 3699 434 3706 ·
457 3668 617 3740 XXXII.
645 3667 700 3742 De
725 3665 841 3770 offitio
868 3667 1106 3742 coadiutorie.

459 3783 623 3858 offitium
650 3787 875 3862 coadiutorie
901 3788 949 3859 sit
974 3800 1112 3861 tantum
1129 3787 1175 3859 ad
1195 3785 1470 3888 exemplandum

405 3919 484 3978 acta
511 3915 549 3977 ot
575 3909 770 4005 scripturas
796 3907 927 3979 notarii
953 3905 1134 3980 foresterii
1160 3904 1257 3978 iilius
1283 3902 1386 3978 offitii
1397 3959 1409 3996 ‚
1433 3910 1487 3976 et⁴

406 4141 427 4227 i
453 4159 637 4228 «autimas
661 4167 736 4240 stoa.
755 4175 784 4226 a.
807 4173 856 4238 m).
