<?xml version="1.0" encoding="UTF-8"?>
<!DOCTYPE html PUBLIC "-//W3C//DTD XHTML 1.0 Transitional//EN"
    "http://www.w3.org/TR/xhtml1/DTD/xhtml1-transitional.dtd">
<html xmlns="http://www.w3.org/1999/xhtml" xml:lang="en" lang="en">
 <head>
  <title>
</title>
<meta http-equiv="Content-Type" content="text/html;charset=utf-8" />
  <meta name='ocr-system' content='tesseract 3.04.00' />
  <meta name='ocr-capabilities' content='ocr_page ocr_carea ocr_par ocr_line ocrx_word'/>
</head>
<body>
  <div class='ocr_page' id='page_1' title='image "./statutaiurisdic00itagoog_0055.png"; bbox 0 0 3386 5122; ppageno 0'>
   <div class='ocr_carea' id='block_1_1' title="bbox 433 339 1502 3040">
    <p class='ocr_par' dir='ltr' id='par_1_1' title="bbox 439 339 485 412">
     <span class='ocr_line' id='line_1_1' title="bbox 439 339 485 412; baseline 0 0"><span class='ocrx_word' id='word_1_1' title='bbox 439 339 485 412; x_wconf 85' lang='lat' dir='ltr'><strong>to</strong></span> 
     </span>
    </p>

    <p class='ocr_par' dir='ltr' id='par_1_2' title="bbox 433 447 1502 3040">
     <span class='ocr_line' id='line_1_2' title="bbox 435 447 1500 551; baseline -0.006 -23"><span class='ocrx_word' id='word_1_2' title='bbox 435 458 472 528; x_wconf 90' lang='lat' dir='ltr'><strong>in</strong></span> <span class='ocrx_word' id='word_1_3' title='bbox 496 453 618 551; x_wconf 86' lang='lat' dir='ltr'><strong>aliquo</strong></span> <span class='ocrx_word' id='word_1_4' title='bbox 644 450 712 526; x_wconf 82' lang='lat' dir='ltr'><strong>alio</strong></span> <span class='ocrx_word' id='word_1_5' title='bbox 741 449 859 526; x_wconf 79' lang='lat' dir='ltr'><strong>offitio</strong></span> <span class='ocrx_word' id='word_1_6' title='bbox 888 453 927 524; x_wconf 91' lang='lat' dir='ltr'><strong>in</strong></span> <span class='ocrx_word' id='word_1_7' title='bbox 957 451 1108 527; x_wconf 79' lang='lat' dir='ltr'><strong>civitate</strong></span> <span class='ocrx_word' id='word_1_8' title='bbox 1131 451 1328 524; x_wconf 72' lang='lat' dir='ltr'><strong>Mediolani</strong></span> <span class='ocrx_word' id='word_1_9' title='bbox 1359 449 1417 524; x_wconf 86' lang='lat' dir='ltr'><strong>vel</strong></span> <span class='ocrx_word' id='word_1_10' title='bbox 1442 447 1500 522; x_wconf 87' lang='lat' dir='ltr'><strong>di·</strong></span> 
     </span>
     <span class='ocr_line' id='line_1_3' title="bbox 436 567 1502 669; baseline -0.008 -21"><span class='ocrx_word' id='word_1_11' title='bbox 436 574 589 663; x_wconf 80' lang='lat' dir='ltr'><strong>stricta,</strong></span> <span class='ocrx_word' id='word_1_12' title='bbox 614 574 679 669; x_wconf 87' lang='lat' dir='ltr'><strong>qni</strong></span> <span class='ocrx_word' id='word_1_13' title='bbox 703 595 778 644; x_wconf 90' lang='lat' dir='ltr'><strong>non</strong></span> <span class='ocrx_word' id='word_1_14' title='bbox 804 572 851 642; x_wconf 83' lang='lat' dir='ltr'><strong>sit</strong></span> <span class='ocrx_word' id='word_1_15' title='bbox 874 571 1030 644; x_wconf 80' lang='lat' dir='ltr'><strong>civitatis</strong></span> <span class='ocrx_word' id='word_1_16' title='bbox 1061 568 1117 644; x_wconf 81' lang='lat' dir='ltr'><strong>vei</strong></span> <span class='ocrx_word' id='word_1_17' title='bbox 1141 568 1328 643; x_wconf 87' lang='lat' dir='ltr'><strong>districtus</strong></span> <span class='ocrx_word' id='word_1_18' title='bbox 1359 567 1502 644; x_wconf 78' lang='lat' dir='ltr'><strong>Medio-</strong></span> 
     </span>
     <span class='ocr_line' id='line_1_4' title="bbox 436 685 1501 790; baseline -0.005 -26"><span class='ocrx_word' id='word_1_19' title='bbox 436 689 511 764; x_wconf 85' lang='lat' dir='ltr'><strong>lani</strong></span> <span class='ocrx_word' id='word_1_20' title='bbox 522 747 534 784; x_wconf 94' lang='lat'><strong>,</strong></span> <span class='ocrx_word' id='word_1_21' title='bbox 559 686 663 762; x_wconf 87' lang='lat' dir='ltr'><strong>linito</strong></span> <span class='ocrx_word' id='word_1_22' title='bbox 695 702 858 790; x_wconf 85' lang='lat' dir='ltr'><strong>tempore</strong></span> <span class='ocrx_word' id='word_1_23' title='bbox 891 690 950 762; x_wconf 86' lang='lat' dir='ltr'><strong>sui</strong></span> <span class='ocrx_word' id='word_1_24' title='bbox 981 685 1087 762; x_wconf 87' lang='lat' dir='ltr'><strong>offitii</strong></span> <span class='ocrx_word' id='word_1_25' title='bbox 1110 687 1265 761; x_wconf 86' lang='lat' dir='ltr'><strong>limitato</strong></span> <span class='ocrx_word' id='word_1_26' title='bbox 1295 687 1501 762; x_wconf 86' lang='lat' dir='ltr'><strong>seeundum</strong></span> 
     </span>
     <span class='ocr_line' id='line_1_5' title="bbox 435 807 1500 908; baseline -0.002 -28"><span class='ocrx_word' id='word_1_27' title='bbox 435 807 587 881; x_wconf 89' lang='lat' dir='ltr'><strong>iormam</strong></span> <span class='ocrx_word' id='word_1_28' title='bbox 611 811 836 908; x_wconf 87' lang='lat' dir='ltr'><strong>presentium</strong></span> <span class='ocrx_word' id='word_1_29' title='bbox 862 819 1104 900; x_wconf 84' lang='lat' dir='ltr'><strong>statutorum,</strong></span> <span class='ocrx_word' id='word_1_30' title='bbox 1130 833 1206 880; x_wconf 91' lang='lat' dir='ltr'><strong>non</strong></span> <span class='ocrx_word' id='word_1_31' title='bbox 1229 809 1348 908; x_wconf 80' lang='lat' dir='ltr'>possit</span> <span class='ocrx_word' id='word_1_32' title='bbox 1363 831 1442 880; x_wconf 84' lang='lat' dir='ltr'><strong>esse</strong></span> <span class='ocrx_word' id='word_1_33' title='bbox 1459 807 1500 878; x_wconf 93' lang='lat' dir='ltr'><strong>in</strong></span> 
     </span>
     <span class='ocr_line' id='line_1_6' title="bbox 435 923 1502 1026; baseline -0.002 -28"><span class='ocrx_word' id='word_1_34' title='bbox 435 927 557 1025; x_wconf 87' lang='lat' dir='ltr'><strong>aliquo</strong></span> <span class='ocrx_word' id='word_1_35' title='bbox 583 925 700 999; x_wconf 85' lang='lat' dir='ltr'><strong>offitio</strong></span> <span class='ocrx_word' id='word_1_36' title='bbox 726 951 794 1026; x_wconf 84' lang='lat' dir='ltr'><strong>pro</strong></span> <span class='ocrx_word' id='word_1_37' title='bbox 820 928 966 999; x_wconf 90' lang='lat' dir='ltr'><strong>comuni</strong></span> <span class='ocrx_word' id='word_1_38' title='bbox 986 923 1186 998; x_wconf 79' lang='lat' dir='ltr'><strong>Mediolani</strong></span> <span class='ocrx_word' id='word_1_39' title='bbox 1204 926 1263 1001; x_wconf 84' lang='lat' dir='ltr'><strong>vel</strong></span> <span class='ocrx_word' id='word_1_40' title='bbox 1281 924 1406 1024; x_wconf 87' lang='lat' dir='ltr'><strong>aliqua</strong></span> <span class='ocrx_word' id='word_1_41' title='bbox 1421 927 1502 996; x_wconf 90' lang='lat' dir='ltr'><strong>nni·</strong></span> 
     </span>
     <span class='ocr_line' id='line_1_7' title="bbox 433 1042 1499 1145; baseline 0 -29"><span class='ocrx_word' id='word_1_42' title='bbox 433 1048 604 1118; x_wconf 82' lang='lat' dir='ltr'><strong>&#39;versitate</strong></span> <span class='ocrx_word' id='word_1_43' title='bbox 620 1045 778 1118; x_wconf 86' lang='lat' dir='ltr'><strong>civitatis</strong></span> <span class='ocrx_word' id='word_1_44' title='bbox 795 1042 850 1116; x_wconf 86' lang='lat' dir='ltr'><strong>vel</strong></span> <span class='ocrx_word' id='word_1_45' title='bbox 867 1046 1062 1116; x_wconf 78' lang='lat' dir='ltr'><strong>comitatus</strong></span> <span class='ocrx_word' id='word_1_46' title='bbox 1080 1043 1297 1136; x_wconf 78' lang='lat' dir='ltr'><strong>Mediolani,</strong></span> <span class='ocrx_word' id='word_1_47' title='bbox 1315 1046 1384 1117; x_wconf 90' lang='lat' dir='ltr'><strong>nisi</strong></span> <span class='ocrx_word' id='word_1_48' title='bbox 1399 1045 1499 1145; x_wconf 85' lang='lat' dir='ltr'><strong>prius</strong></span> 
     </span>
     <span class='ocr_line' id='line_1_8' title="bbox 434 1161 1497 1262; baseline -0.002 -28"><span class='ocrx_word' id='word_1_49' title='bbox 434 1162 554 1234; x_wconf 88' lang='lat' dir='ltr'><strong>tribus</strong></span> <span class='ocrx_word' id='word_1_50' title='bbox 578 1162 683 1233; x_wconf 84' lang='lat' dir='ltr'><strong>annis</strong></span> <span class='ocrx_word' id='word_1_51' title='bbox 708 1161 842 1261; x_wconf 87' lang='lat' dir='ltr'><strong>elapsis</strong></span> <span class='ocrx_word' id='word_1_52' title='bbox 867 1161 1122 1262; x_wconf 86' lang='lat' dir='ltr'><strong>computandis</strong></span> <span class='ocrx_word' id='word_1_53' title='bbox 1147 1161 1194 1234; x_wconf 89' lang='lat' dir='ltr'><strong>ab</strong></span> <span class='ocrx_word' id='word_1_54' title='bbox 1215 1163 1313 1236; x_wconf 84' lang='lat' dir='ltr'><strong>exitu</strong></span> <span class='ocrx_word' id='word_1_55' title='bbox 1331 1164 1388 1235; x_wconf 89' lang='lat' dir='ltr'><strong>sni</strong></span> <span class='ocrx_word' id='word_1_56' title='bbox 1406 1163 1497 1262; x_wconf 83' lang='lat' dir='ltr'><strong>regi·</strong></span> 
     </span>
     <span class='ocr_line' id='line_1_9' title="bbox 434 1277 1496 1380; baseline -0.003 -26"><span class='ocrx_word' id='word_1_57' title='bbox 434 1283 544 1354; x_wconf 86' lang='lat' dir='ltr'><strong>minis</strong></span> <span class='ocrx_word' id='word_1_58' title='bbox 571 1279 628 1354; x_wconf 83' lang='lat' dir='ltr'><strong>vel</strong></span> <span class='ocrx_word' id='word_1_59' title='bbox 652 1278 781 1370; x_wconf 81' lang='lat' dir='ltr'><strong>offitii3</strong></span> <span class='ocrx_word' id='word_1_60' title='bbox 808 1293 846 1352; x_wconf 95' lang='lat' dir='ltr'><strong>et</strong></span> <span class='ocrx_word' id='word_1_61' title='bbox 869 1283 902 1352; x_wconf 89' lang='lat' dir='ltr'><strong>si</strong></span> <span class='ocrx_word' id='word_1_62' title='bbox 928 1281 974 1355; x_wconf 89' lang='lat' dir='ltr'><strong>de</strong></span> <span class='ocrx_word' id='word_1_63' title='bbox 1000 1277 1097 1354; x_wconf 79' lang='lat' dir='ltr'><strong>iacto</strong></span> <span class='ocrx_word' id='word_1_64' title='bbox 1115 1280 1243 1373; x_wconf 77' lang='lat' dir='ltr'><strong>fiterit,</strong></span> <span class='ocrx_word' id='word_1_65' title='bbox 1261 1280 1363 1380; x_wconf 92' lang='lat' dir='ltr'><strong>quod</strong></span> <span class='ocrx_word' id='word_1_66' title='bbox 1379 1279 1496 1380; x_wconf 81' lang='lat' dir='ltr'><strong>expel-</strong></span> 
     </span>
     <span class='ocr_line' id='line_1_10' title="bbox 436 1371 1495 1489; baseline -0.001 -17"><span class='ocrx_word' id='word_1_67' title='bbox 436 1399 534 1472; x_wconf 81' lang='lat' dir='ltr'><strong>latur</strong></span> <span class='ocrx_word' id='word_1_68' title='bbox 550 1371 788 1472; x_wconf 83' lang='lat' dir='ltr'><strong>idcontinenti</strong></span> <span class='ocrx_word' id='word_1_69' title='bbox 805 1399 852 1471; x_wconf 89' lang='lat' dir='ltr'><strong>de</strong></span> <span class='ocrx_word' id='word_1_70' title='bbox 872 1401 1020 1472; x_wconf 84' lang='lat' dir='ltr'><strong>civitate</strong></span> <span class='ocrx_word' id='word_1_71' title='bbox 1038 1412 1077 1471; x_wconf 89' lang='lat' dir='ltr'><strong>et</strong></span> <span class='ocrx_word' id='word_1_72' title='bbox 1092 1403 1267 1472; x_wconf 81' lang='lat' dir='ltr'><strong>comitatu</strong></span> <span class='ocrx_word' id='word_1_73' title='bbox 1284 1399 1495 1489; x_wconf 75' lang='lat' dir='ltr'><strong>Mediolani,</strong></span> 
     </span>
     <span class='ocr_line' id='line_1_11' title="bbox 437 1515 1495 1619; baseline 0.001 -29"><span class='ocrx_word' id='word_1_74' title='bbox 437 1519 516 1591; x_wconf 87' lang='lat' dir='ltr'><strong>sine</strong></span> <span class='ocrx_word' id='word_1_75' title='bbox 541 1517 664 1616; x_wconf 86' lang='lat' dir='ltr'><strong>aliqua</strong></span> <span class='ocrx_word' id='word_1_76' title='bbox 693 1541 757 1619; x_wconf 89' lang='lat' dir='ltr'><strong>spe</strong></span> <span class='ocrx_word' id='word_1_77' title='bbox 787 1515 930 1591; x_wconf 75' lang='lat' dir='ltr'><strong>saltarit.</strong></span> <span class='ocrx_word' id='word_1_78' title='bbox 956 1518 1007 1589; x_wconf 91' lang='lat' dir='ltr'><strong>Et</strong></span> <span class='ocrx_word' id='word_1_79' title='bbox 1035 1517 1137 1616; x_wconf 88' lang='lat' dir='ltr'><strong>quod</strong></span> <span class='ocrx_word' id='word_1_80' title='bbox 1162 1517 1284 1590; x_wconf 91' lang='lat' dir='ltr'><strong>nullus</strong></span> <span class='ocrx_word' id='word_1_81' title='bbox 1315 1525 1495 1618; x_wconf 84' lang='lat' dir='ltr'><strong>poteslas,</strong></span> 
     </span>
     <span class='ocr_line' id='line_1_12' title="bbox 438 1634 1496 1734; baseline 0 -28"><span class='ocrx_word' id='word_1_82' title='bbox 438 1639 591 1710; x_wconf 81' lang='lat' dir='ltr'><strong>vicarius</strong></span> <span class='ocrx_word' id='word_1_83' title='bbox 615 1636 674 1710; x_wconf 85' lang='lat' dir='ltr'><strong>vel</strong></span> <span class='ocrx_word' id='word_1_84' title='bbox 699 1634 902 1728; x_wconf 88' lang='lat' dir='ltr'><strong>iusdicens,</strong></span> <span class='ocrx_word' id='word_1_85' title='bbox 926 1639 992 1734; x_wconf 87' lang='lat' dir='ltr'><strong>qui</strong></span> <span class='ocrx_word' id='word_1_86' title='bbox 1016 1661 1089 1708; x_wconf 90' lang='lat' dir='ltr'><strong>non</strong></span> <span class='ocrx_word' id='word_1_87' title='bbox 1114 1638 1161 1708; x_wconf 88' lang='lat' dir='ltr'><strong>sit</strong></span> <span class='ocrx_word' id='word_1_88' title='bbox 1186 1637 1233 1710; x_wconf 90' lang='lat' dir='ltr'><strong>de</strong></span> <span class='ocrx_word' id='word_1_89' title='bbox 1258 1638 1404 1710; x_wconf 83' lang='lat' dir='ltr'><strong>civitate</strong></span> <span class='ocrx_word' id='word_1_90' title='bbox 1423 1635 1496 1707; x_wconf 77' lang='lat' dir='ltr'><strong>Mt-</strong></span> 
     </span>
     <span class='ocr_line' id='line_1_13' title="bbox 435 1755 1496 1854; baseline -0.001 -26"><span class='ocrx_word' id='word_1_91' title='bbox 435 1755 587 1846; x_wconf 86' lang='lat' dir='ltr'><strong>diolani,</strong></span> <span class='ocrx_word' id='word_1_92' title='bbox 613 1755 746 1828; x_wconf 86' lang='lat' dir='ltr'><strong>durare</strong></span> <span class='ocrx_word' id='word_1_93' title='bbox 770 1781 845 1827; x_wconf 87' lang='lat' dir='ltr'><strong>non</strong></span> <span class='ocrx_word' id='word_1_94' title='bbox 870 1758 988 1854; x_wconf 84' lang='lat' dir='ltr'><strong>possit</strong></span> <span class='ocrx_word' id='word_1_95' title='bbox 1012 1757 1051 1826; x_wconf 91' lang='lat' dir='ltr'><strong>in</strong></span> <span class='ocrx_word' id='word_1_96' title='bbox 1077 1757 1269 1854; x_wconf 84' lang='lat' dir='ltr'><strong>regimine,</strong></span> <span class='ocrx_word' id='word_1_97' title='bbox 1295 1758 1366 1828; x_wconf 90' lang='lat' dir='ltr'><strong>nisi</strong></span> <span class='ocrx_word' id='word_1_98' title='bbox 1391 1755 1496 1827; x_wconf 84' lang='lat' dir='ltr'><strong>binos</strong></span> 
     </span>
     <span class='ocr_line' id='line_1_14' title="bbox 435 1872 1498 1965; baseline -0.002 -18"><span class='ocrx_word' id='word_1_99' title='bbox 435 1900 501 1947; x_wconf 81' lang='lat' dir='ltr'><strong>sex</strong></span> <span class='ocrx_word' id='word_1_100' title='bbox 526 1897 668 1946; x_wconf 87' lang='lat' dir='ltr'><strong>menses</strong></span> <span class='ocrx_word' id='word_1_101' title='bbox 695 1874 734 1945; x_wconf 91' lang='lat' dir='ltr'><strong>in</strong></span> <span class='ocrx_word' id='word_1_102' title='bbox 760 1872 925 1965; x_wconf 84' lang='lat' dir='ltr'><strong>civitate,</strong></span> <span class='ocrx_word' id='word_1_103' title='bbox 947 1876 1142 1965; x_wconf 87' lang='lat' dir='ltr'><strong>comitatu,</strong></span> <span class='ocrx_word' id='word_1_104' title='bbox 1162 1873 1332 1948; x_wconf 79' lang='lat' dir='ltr'><strong>districtu</strong></span> <span class='ocrx_word' id='word_1_105' title='bbox 1348 1874 1408 1946; x_wconf 83' lang='lat' dir='ltr'><strong>vel</strong></span> <span class='ocrx_word' id='word_1_106' title='bbox 1424 1872 1498 1945; x_wconf 89' lang='lat' dir='ltr'><strong>dio·</strong></span> 
     </span>
     <span class='ocr_line' id='line_1_15' title="bbox 436 1989 1497 2092; baseline -0.001 -29"><span class='ocrx_word' id='word_1_107' title='bbox 436 1993 514 2063; x_wconf 77' lang='lat' dir='ltr'><strong>ceri</strong></span> <span class='ocrx_word' id='word_1_108' title='bbox 540 1989 761 2083; x_wconf 81' lang='lat' dir='ltr'><strong>Mediolani3</strong></span> <span class='ocrx_word' id='word_1_109' title='bbox 787 1994 879 2064; x_wconf 84' lang='lat' dir='ltr'><strong>etsi</strong></span> <span class='ocrx_word' id='word_1_110' title='bbox 906 1989 1003 2066; x_wconf 87' lang='lat' dir='ltr'><strong>fierit</strong></span> <span class='ocrx_word' id='word_1_111' title='bbox 1028 1995 1272 2084; x_wconf 88' lang='lat' dir='ltr'><strong>contrarium,</strong></span> <span class='ocrx_word' id='word_1_112' title='bbox 1298 1992 1497 2092; x_wconf 83' lang='lat' dir='ltr'><strong>expellatur</strong></span> 
     </span>
     <span class='ocr_line' id='line_1_16' title="bbox 436 2107 1498 2212; baseline -0.004 -28"><span class='ocrx_word' id='word_1_113' title='bbox 436 2125 473 2184; x_wconf 93' lang='lat' dir='ltr'><strong>et</strong></span> <span class='ocrx_word' id='word_1_114' title='bbox 496 2135 570 2184; x_wconf 89' lang='lat' dir='ltr'><strong>non</strong></span> <span class='ocrx_word' id='word_1_115' title='bbox 595 2108 730 2182; x_wconf 86' lang='lat' dir='ltr'><strong>habeat</strong></span> <span class='ocrx_word' id='word_1_116' title='bbox 760 2107 940 2183; x_wconf 84' lang='lat' dir='ltr'><strong>salarium.</strong></span> <span class='ocrx_word' id='word_1_117' title='bbox 966 2112 1017 2182; x_wconf 91' lang='lat' dir='ltr'><strong>Et</strong></span> <span class='ocrx_word' id='word_1_118' title='bbox 1048 2110 1214 2212; x_wconf 88' lang='lat' dir='ltr'><strong>predicta</strong></span> <span class='ocrx_word' id='word_1_119' title='bbox 1240 2137 1315 2184; x_wconf 91' lang='lat' dir='ltr'><strong>non</strong></span> <span class='ocrx_word' id='word_1_120' title='bbox 1341 2109 1498 2184; x_wconf 86' lang='lat' dir='ltr'><strong>habeant</strong></span> 
     </span>
     <span class='ocr_line' id='line_1_17' title="bbox 437 2229 1497 2330; baseline -0.001 -27"><span class='ocrx_word' id='word_1_121' title='bbox 437 2231 556 2304; x_wconf 89' lang='lat' dir='ltr'><strong>locum</strong></span> <span class='ocrx_word' id='word_1_122' title='bbox 570 2232 607 2301; x_wconf 89' lang='lat' dir='ltr'><strong>iu</strong></span> <span class='ocrx_word' id='word_1_123' title='bbox 622 2231 796 2302; x_wconf 85' lang='lat' dir='ltr'><strong>vicarium</strong></span> <span class='ocrx_word' id='word_1_124' title='bbox 809 2231 1062 2330; x_wconf 88' lang='lat' dir='ltr'><strong>provixionum</strong></span> <span class='ocrx_word' id='word_1_125' title='bbox 1075 2229 1192 2302; x_wconf 86' lang='lat' dir='ltr'><strong>offitio</strong></span> <span class='ocrx_word' id='word_1_126' title='bbox 1206 2230 1453 2329; x_wconf 79' lang='lat' dir='ltr'><strong>presidentem</strong></span> <span class='ocrx_word' id='word_1_127' title='bbox 1470 2235 1497 2322; x_wconf 81' lang='lat'><strong>¹,</strong></span> 
     </span>
     <span class='ocr_line' id='line_1_18' title="bbox 436 2346 1496 2450; baseline -0.002 -28"><span class='ocrx_word' id='word_1_128' title='bbox 436 2355 499 2450; x_wconf 89' lang='lat' dir='ltr'><strong>qui</strong></span> <span class='ocrx_word' id='word_1_129' title='bbox 524 2363 646 2422; x_wconf 88' lang='lat' dir='ltr'><strong>tamen</strong></span> <span class='ocrx_word' id='word_1_130' title='bbox 671 2347 717 2421; x_wconf 85' lang='lat' dir='ltr'><strong>de</strong></span> <span class='ocrx_word' id='word_1_131' title='bbox 743 2350 861 2421; x_wconf 87' lang='lat' dir='ltr'><strong>causis</strong></span> <span class='ocrx_word' id='word_1_132' title='bbox 888 2346 1134 2447; x_wconf 83' lang='lat' dir='ltr'><strong>singullarium</strong></span> <span class='ocrx_word' id='word_1_133' title='bbox 1158 2371 1398 2450; x_wconf 86' lang='lat' dir='ltr'><strong>personarum</strong></span> <span class='ocrx_word' id='word_1_134' title='bbox 1423 2348 1496 2422; x_wconf 92' lang='lat' dir='ltr'><strong>ullo</strong></span> 
     </span>
     <span class='ocr_line' id='line_1_19' title="bbox 435 2464 1497 2568; baseline -0.002 -26"><span class='ocrx_word' id='word_1_135' title='bbox 435 2464 546 2542; x_wconf 90' lang='lat' dir='ltr'><strong>modo</strong></span> <span class='ocrx_word' id='word_1_136' title='bbox 581 2493 622 2540; x_wconf 87' lang='lat' dir='ltr'><strong>se</strong></span> <span class='ocrx_word' id='word_1_137' title='bbox 657 2468 900 2539; x_wconf 87' lang='lat' dir='ltr'><strong>intromittere</strong></span> <span class='ocrx_word' id='word_1_138' title='bbox 935 2492 1012 2539; x_wconf 89' lang='lat' dir='ltr'><strong>non</strong></span> <span class='ocrx_word' id='word_1_139' title='bbox 1046 2470 1188 2568; x_wconf 81' lang='lat' dir='ltr'><strong>possit,</strong></span> <span class='ocrx_word' id='word_1_140' title='bbox 1224 2469 1294 2541; x_wconf 86' lang='lat' dir='ltr'><strong>nisi</strong></span> <span class='ocrx_word' id='word_1_141' title='bbox 1327 2471 1497 2566; x_wconf 82' lang='lat' dir='ltr'><strong>quatinus</strong></span> 
     </span>
     <span class='ocr_line' id='line_1_20' title="bbox 436 2583 1498 2684; baseline -0.004 -24"><span class='ocrx_word' id='word_1_142' title='bbox 436 2597 535 2660; x_wconf 69' lang='lat' dir='ltr'><strong>emet</strong></span> <span class='ocrx_word' id='word_1_143' title='bbox 566 2583 773 2658; x_wconf 87' lang='lat' dir='ltr'><strong>ordinatum</strong></span> <span class='ocrx_word' id='word_1_144' title='bbox 804 2583 859 2656; x_wconf 85' lang='lat' dir='ltr'><strong>vel</strong></span> <span class='ocrx_word' id='word_1_145' title='bbox 886 2586 1083 2684; x_wconf 88' lang='lat' dir='ltr'><strong>provixum.</strong></span> <span class='ocrx_word' id='word_1_146' title='bbox 1111 2584 1219 2673; x_wconf 89' lang='lat' dir='ltr'><strong>Quod</strong></span> <span class='ocrx_word' id='word_1_147' title='bbox 1250 2596 1424 2658; x_wconf 87' lang='lat' dir='ltr'><strong>statutum</strong></span> <span class='ocrx_word' id='word_1_148' title='bbox 1452 2587 1498 2656; x_wconf 88' lang='lat' dir='ltr'><strong>sit</strong></span> 
     </span>
     <span class='ocr_line' id='line_1_21' title="bbox 437 2701 1497 2804; baseline 0 -28"><span class='ocrx_word' id='word_1_149' title='bbox 437 2701 639 2804; x_wconf 86' lang='lat' dir='ltr'><strong>precixum,</strong></span> <span class='ocrx_word' id='word_1_150' title='bbox 656 2714 693 2776; x_wconf 85' lang='lat' dir='ltr'><strong>et</strong></span> <span class='ocrx_word' id='word_1_151' title='bbox 709 2727 783 2774; x_wconf 88' lang='lat' dir='ltr'><strong>non</strong></span> <span class='ocrx_word' id='word_1_152' title='bbox 805 2704 922 2802; x_wconf 88' lang='lat' dir='ltr'><strong>possit</strong></span> <span class='ocrx_word' id='word_1_153' title='bbox 938 2703 972 2775; x_wconf 87' lang='lat' dir='ltr'><strong>ei</strong></span> <span class='ocrx_word' id='word_1_154' title='bbox 989 2704 1028 2774; x_wconf 90' lang='lat' dir='ltr'><strong>in</strong></span> <span class='ocrx_word' id='word_1_155' title='bbox 1046 2702 1166 2803; x_wconf 88' lang='lat' dir='ltr'><strong>aliquo</strong></span> <span class='ocrx_word' id='word_1_156' title='bbox 1185 2704 1353 2804; x_wconf 79' lang='lat' dir='ltr'><strong>derogari</strong></span> <span class='ocrx_word' id='word_1_157' title='bbox 1375 2704 1497 2803; x_wconf 88' lang='lat' dir='ltr'><strong>aliquo</strong></span> 
     </span>
     <span class='ocr_line' id='line_1_22' title="bbox 435 2819 1496 2922; baseline -0.002 -28"><span class='ocrx_word' id='word_1_158' title='bbox 435 2821 548 2896; x_wconf 85' lang='lat' dir='ltr'><strong>modo</strong></span> <span class='ocrx_word' id='word_1_159' title='bbox 573 2819 631 2895; x_wconf 87' lang='lat' dir='ltr'><strong>vel</strong></span> <span class='ocrx_word' id='word_1_160' title='bbox 656 2823 815 2922; x_wconf 83' lang='lat' dir='ltr'><strong>ingenio,</strong></span> <span class='ocrx_word' id='word_1_161' title='bbox 843 2823 912 2893; x_wconf 86' lang='lat' dir='ltr'><strong>nisi</strong></span> <span class='ocrx_word' id='word_1_162' title='bbox 937 2846 1006 2921; x_wconf 88' lang='lat' dir='ltr'><strong>per</strong></span> <span class='ocrx_word' id='word_1_163' title='bbox 1030 2819 1219 2893; x_wconf 88' lang='lat' dir='ltr'><strong>dominum</strong></span> <span class='ocrx_word' id='word_1_164' title='bbox 1242 2820 1441 2894; x_wconf 83' lang='lat' dir='ltr'><strong>Mediolani</strong></span> <span class='ocrx_word' id='word_1_165' title='bbox 1461 2824 1496 2894; x_wconf 89' lang='lat' dir='ltr'><strong>ia</strong></span> 
     </span>
     <span class='ocr_line' id='line_1_23' title="bbox 436 2938 1055 3040; baseline 0 -28"><span class='ocrx_word' id='word_1_166' title='bbox 436 2941 659 3014; x_wconf 86' lang='lat' dir='ltr'><strong>contrarium</strong></span> <span class='ocrx_word' id='word_1_167' title='bbox 684 2938 794 3013; x_wconf 85' lang='lat' dir='ltr'><strong>luerit</strong></span> <span class='ocrx_word' id='word_1_168' title='bbox 819 2941 1055 3040; x_wconf 72' lang='lat' dir='ltr'><strong>dispositum.</strong></span> 
     </span>
    </p>
   </div>
   <div class='ocr_carea' id='block_1_2' title="bbox 435 3057 1498 3504">
    <p class='ocr_par' dir='ltr' id='par_1_3' title="bbox 435 3057 1498 3390">
     <span class='ocr_line' id='line_1_24' title="bbox 488 3057 1498 3161; baseline 0.001 -32"><span class='ocrx_word' id='word_1_169' title='bbox 488 3057 584 3130; x_wconf 83' lang='lat' dir='ltr'><strong>Lnt</strong></span> <span class='ocrx_word' id='word_1_170' title='bbox 612 3061 668 3132; x_wconf 81' lang='lat' dir='ltr'><strong>De</strong></span> <span class='ocrx_word' id='word_1_171' title='bbox 684 3074 910 3133; x_wconf 81' lang='lat' dir='ltr'><strong>sacramento</strong></span> <span class='ocrx_word' id='word_1_172' title='bbox 922 3059 1121 3158; x_wconf 79' lang='lat' dir='ltr'><strong>prestando</strong></span> <span class='ocrx_word' id='word_1_173' title='bbox 1134 3083 1206 3161; x_wconf 85' lang='lat' dir='ltr'><strong>per</strong></span> <span class='ocrx_word' id='word_1_174' title='bbox 1222 3063 1409 3134; x_wconf 79' lang='lat' dir='ltr'><strong>vicarium</strong></span> <span class='ocrx_word' id='word_1_175' title='bbox 1425 3065 1445 3109; x_wconf 85' lang='lat'>¹</span> <span class='ocrx_word' id='word_1_176' title='bbox 1463 3071 1498 3132; x_wconf 83' lang='lat' dir='ltr'><strong>et</strong></span> 
     </span>
     <span class='ocr_line' id='line_1_25' title="bbox 437 3173 1494 3277; baseline 0.001 -29"><span class='ocrx_word' id='word_1_177' title='bbox 437 3174 574 3250; x_wconf 80' lang='lat' dir='ltr'><strong>iudices</strong></span> <span class='ocrx_word' id='word_1_178' title='bbox 597 3173 733 3250; x_wconf 69' lang='lat' dir='ltr'><strong>domim</strong></span> <span class='ocrx_word' id='word_1_179' title='bbox 758 3176 960 3250; x_wconf 81' lang='lat' dir='ltr'><strong>Mediolani</strong></span> <span class='ocrx_word' id='word_1_180' title='bbox 988 3193 1023 3249; x_wconf 83' lang='lat' dir='ltr'><strong>et</strong></span> <span class='ocrx_word' id='word_1_181' title='bbox 1047 3182 1237 3277; x_wconf 83' lang='lat' dir='ltr'><strong>potestatis</strong></span> <span class='ocrx_word' id='word_1_182' title='bbox 1262 3193 1298 3250; x_wconf 84' lang='lat' dir='ltr'><strong>et</strong></span> <span class='ocrx_word' id='word_1_183' title='bbox 1323 3181 1415 3251; x_wconf 81' lang='lat' dir='ltr'><strong>alios</strong></span> <span class='ocrx_word' id='word_1_184' title='bbox 1442 3180 1494 3249; x_wconf 84' lang='lat' dir='ltr'><strong>ni·</strong></span> 
     </span>
     <span class='ocr_line' id='line_1_26' title="bbox 435 3285 1219 3390; baseline -0.003 -20"><span class='ocrx_word' id='word_1_185' title='bbox 435 3298 557 3370; x_wconf 77' lang='lat' dir='ltr'><strong>corios</strong></span> <span class='ocrx_word' id='word_1_186' title='bbox 582 3308 768 3390; x_wconf 57' lang='lat' dir='ltr'><strong>terrosum</strong></span> <span class='ocrx_word' id='word_1_187' title='bbox 794 3299 987 3368; x_wconf 82' lang='lat' dir='ltr'><strong>comitatus</strong></span> <span class='ocrx_word' id='word_1_188' title='bbox 1012 3285 1219 3368; x_wconf 80' lang='lat' dir='ltr'><strong>Mediolani.</strong></span> 
     </span>
    </p>

    <p class='ocr_par' dir='ltr' id='par_1_4' title="bbox 486 3412 1497 3504">
     <span class='ocr_line' id='line_1_27' title="bbox 486 3412 1497 3504; baseline -0.001 -18"><span class='ocrx_word' id='word_1_189' title='bbox 486 3412 648 3502; x_wconf 87' lang='lat' dir='ltr'><strong>Quilibet</strong></span> <span class='ocrx_word' id='word_1_190' title='bbox 661 3437 704 3486; x_wconf 88' lang='lat' dir='ltr'><strong>ex</strong></span> <span class='ocrx_word' id='word_1_191' title='bbox 721 3414 867 3486; x_wconf 85' lang='lat' dir='ltr'><strong>vicariis</strong></span> <span class='ocrx_word' id='word_1_192' title='bbox 884 3426 922 3486; x_wconf 90' lang='lat' dir='ltr'><strong>et</strong></span> <span class='ocrx_word' id='word_1_193' title='bbox 938 3413 1117 3486; x_wconf 87' lang='lat' dir='ltr'><strong>iudicibus</strong></span> <span class='ocrx_word' id='word_1_194' title='bbox 1135 3413 1276 3487; x_wconf 89' lang='lat' dir='ltr'><strong>domini</strong></span> <span class='ocrx_word' id='word_1_195' title='bbox 1290 3412 1497 3504; x_wconf 85' lang='lat' dir='ltr'><strong>Mediolani,</strong></span> 
     </span>
    </p>
   </div>
   <div class='ocr_carea' id='block_1_3' title="bbox 438 3644 1492 4229">
    <p class='ocr_par' dir='ltr' id='par_1_5' title="bbox 438 3644 1492 4229">
     <span class='ocr_line' id='line_1_28' title="bbox 438 3644 1488 3718; baseline -0.002 -17"><span class='ocrx_word' id='word_1_196' title='bbox 438 3653 455 3696; x_wconf 78' lang='lat' dir='ltr'><strong>l</strong></span> <span class='ocrx_word' id='word_1_197' title='bbox 483 3667 494 3691; x_wconf 67' lang='lat' dir='ltr'><em>a</em></span> <span class='ocrx_word' id='word_1_198' title='bbox 513 3649 583 3702; x_wconf 80' lang='lat' dir='ltr'><strong>nola</strong></span> <span class='ocrx_word' id='word_1_199' title='bbox 601 3647 636 3704; x_wconf 85' lang='lat' dir='ltr'><strong>de</strong></span> <span class='ocrx_word' id='word_1_200' title='bbox 655 3647 758 3702; x_wconf 85' lang='lat' dir='ltr'><strong>vioario</strong></span> <span class='ocrx_word' id='word_1_201' title='bbox 774 3644 988 3717; x_wconf 82' lang='lat' dir='ltr'><strong>provisionum·</strong></span> <span class='ocrx_word' id='word_1_202' title='bbox 1004 3649 1092 3713; x_wconf 82' lang='lat' dir='ltr'><strong>(Noto</strong></span> <span class='ocrx_word' id='word_1_203' title='bbox 1108 3647 1139 3700; x_wconf 79' lang='lat' dir='ltr'><strong>in</strong></span> <span class='ocrx_word' id='word_1_204' title='bbox 1159 3648 1222 3704; x_wconf 82' lang='lat' dir='ltr'><strong>cod.</strong></span> <span class='ocrx_word' id='word_1_205' title='bbox 1242 3652 1270 3704; x_wconf 90' lang='lat' dir='ltr'><strong>S.</strong></span> <span class='ocrx_word' id='word_1_206' title='bbox 1287 3650 1320 3718; x_wconf 82' lang='lat' dir='ltr'><strong>Q.</strong></span> <span class='ocrx_word' id='word_1_207' title='bbox 1340 3654 1368 3702; x_wconf 83' lang='lat' dir='ltr'><strong>P.</strong></span> <span class='ocrx_word' id='word_1_208' title='bbox 1383 3651 1418 3704; x_wconf 85' lang='lat' dir='ltr'><strong>n.</strong></span> <span class='ocrx_word' id='word_1_209' title='bbox 1434 3650 1488 3712; x_wconf 74' lang='grc'><strong>90).</strong></span> 
     </span>
     <span class='ocr_line' id='line_1_29' title="bbox 439 3730 1490 3808; baseline 0.008 -28"><span class='ocrx_word' id='word_1_210' title='bbox 439 3737 458 3780; x_wconf 80' lang='lat' dir='ltr'><strong>n</strong></span> <span class='ocrx_word' id='word_1_211' title='bbox 483 3733 547 3799; x_wconf 86' lang='lat' dir='ltr'><strong>ipsa</strong></span> <span class='ocrx_word' id='word_1_212' title='bbox 565 3731 645 3788; x_wconf 79' lang='lat' dir='ltr'><strong>ducis</strong></span> <span class='ocrx_word' id='word_1_213' title='bbox 660 3730 781 3787; x_wconf 79' lang='lat' dir='ltr'><strong>vicarius</strong></span> <span class='ocrx_word' id='word_1_214' title='bbox 798 3731 1016 3801; x_wconf 82' lang='lat' dir='ltr'><strong>repetundarum</strong></span> <span class='ocrx_word' id='word_1_215' title='bbox 1034 3732 1137 3808; x_wconf 86' lang='lat' dir='ltr'><strong>rationi</strong></span> <span class='ocrx_word' id='word_1_216' title='bbox 1159 3731 1299 3788; x_wconf 85' lang='lat' dir='ltr'><strong>subiectus</strong></span> <span class='ocrx_word' id='word_1_217' title='bbox 1324 3735 1398 3804; x_wconf 87' lang='lat' dir='ltr'><strong>erat,</strong></span> <span class='ocrx_word' id='word_1_218' title='bbox 1413 3733 1490 3788; x_wconf 77' lang='lat' dir='ltr'><strong>euius</strong></span> 
     </span>
     <span class='ocr_line' id='line_1_30' title="bbox 514 3815 1492 3874; baseline 0 -4"><span class='ocrx_word' id='word_1_219' title='bbox 514 3815 750 3874; x_wconf 81' lang='lat' dir='ltr'><strong>examinatoribus</strong></span> <span class='ocrx_word' id='word_1_220' title='bbox 759 3815 813 3872; x_wconf 88' lang='lat' dir='ltr'><strong>hoo</strong></span> <span class='ocrx_word' id='word_1_221' title='bbox 825 3817 968 3871; x_wconf 76' lang='lat' dir='ltr'><strong>demotum</strong></span> <span class='ocrx_word' id='word_1_222' title='bbox 978 3815 1074 3872; x_wconf 84' lang='lat' dir='ltr'><strong>datum</strong></span> <span class='ocrx_word' id='word_1_223' title='bbox 1086 3818 1224 3874; x_wconf 81' lang='lat' dir='ltr'><strong>invenitur</strong></span> <span class='ocrx_word' id='word_1_224' title='bbox 1235 3819 1326 3874; x_wconf 84' lang='lat' dir='ltr'><strong>xvdie</strong></span> <span class='ocrx_word' id='word_1_225' title='bbox 1337 3817 1492 3874; x_wconf 81' lang='lat' dir='ltr'><strong>decembris</strong></span> 
     </span>
     <span class='ocr_line' id='line_1_31' title="bbox 515 3896 1492 3973; baseline 0.005 -18"><span class='ocrx_word' id='word_1_226' title='bbox 515 3915 540 3955; x_wconf 87' lang='lat' dir='ltr'><strong>a.</strong></span> <span class='ocrx_word' id='word_1_227' title='bbox 558 3915 697 3958; x_wconf 79' lang='lat' dir='ltr'><strong>accoron</strong></span> <span class='ocrx_word' id='word_1_228' title='bbox 714 3899 878 3958; x_wconf 71' lang='lat' dir='ltr'><strong>Mediolani:</strong></span> <span class='ocrx_word' id='word_1_229' title='bbox 901 3921 913 3950; x_wconf 77' lang='grc' dir='ltr'>ι</span> <span class='ocrx_word' id='word_1_230' title='bbox 934 3907 994 3956; x_wconf 84' lang='lat' dir='ltr'><strong>nux</strong></span> <span class='ocrx_word' id='word_1_231' title='bbox 1010 3898 1161 3958; x_wconf 75' lang='lat' dir='ltr'><strong>Mediolani</strong></span> <span class='ocrx_word' id='word_1_232' title='bbox 1172 3907 1226 3958; x_wconf 86' lang='lat' dir='ltr'><strong>eie.</strong></span> <span class='ocrx_word' id='word_1_233' title='bbox 1238 3896 1311 3973; x_wconf 84' lang='lat' dir='ltr'><strong>Quia</strong></span> <span class='ocrx_word' id='word_1_234' title='bbox 1319 3903 1395 3959; x_wconf 87' lang='lat' dir='ltr'><strong>dam.</strong></span> <span class='ocrx_word' id='word_1_235' title='bbox 1408 3909 1492 3960; x_wconf 69' lang='lat' dir='ltr'><strong>nan-</strong></span> 
     </span>
     <span class='ocr_line' id='line_1_32' title="bbox 516 3983 1490 4060; baseline 0.002 -20"><span class='ocrx_word' id='word_1_236' title='bbox 516 4005 528 4032; x_wconf 71' lang='lat' dir='ltr'><strong>u</strong></span> <span class='ocrx_word' id='word_1_237' title='bbox 549 3983 666 4040; x_wconf 84' lang='lat' dir='ltr'><strong>oiseolus</strong></span> <span class='ocrx_word' id='word_1_238' title='bbox 684 3986 719 4040; x_wconf 85' lang='lat' dir='ltr'><strong>de</strong></span> <span class='ocrx_word' id='word_1_239' title='bbox 735 3985 763 4042; x_wconf 89' lang='lat' dir='ltr'><strong>la</strong></span> <span class='ocrx_word' id='word_1_240' title='bbox 779 3984 902 4058; x_wconf 76' lang='lat' dir='ltr'><strong>Mayrola</strong></span> <span class='ocrx_word' id='word_1_241' title='bbox 922 3990 951 4042; x_wconf 87' lang='lat' dir='ltr'><strong>et</strong></span> <span class='ocrx_word' id='word_1_242' title='bbox 968 3986 1158 4042; x_wconf 74' lang='lat' dir='ltr'><strong>Francisooius</strong></span> <span class='ocrx_word' id='word_1_243' title='bbox 1174 3987 1211 4042; x_wconf 84' lang='lat' dir='ltr'><strong>ds</strong></span> <span class='ocrx_word' id='word_1_244' title='bbox 1228 3985 1365 4060; x_wconf 74' lang='lat' dir='ltr'><strong>Tignosiis</strong></span> <span class='ocrx_word' id='word_1_245' title='bbox 1380 3988 1418 4046; x_wconf 86' lang='lat' dir='ltr'><strong>de</strong></span> <span class='ocrx_word' id='word_1_246' title='bbox 1433 3987 1490 4044; x_wconf 86' lang='lat' dir='ltr'><strong>ool-</strong></span> 
     </span>
     <span class='ocr_line' id='line_1_33' title="bbox 515 4065 1490 4142; baseline 0.01 -24"><span class='ocrx_word' id='word_1_247' title='bbox 515 4091 528 4118; x_wconf 72' lang='lat'><strong>»</strong></span> <span class='ocrx_word' id='word_1_248' title='bbox 547 4065 620 4140; x_wconf 76' lang='lat' dir='ltr'><strong>legio</strong></span> <span class='ocrx_word' id='word_1_249' title='bbox 638 4069 856 4141; x_wconf 80' lang='lat' dir='ltr'><strong>iurisperitorum</strong></span> <span class='ocrx_word' id='word_1_250' title='bbox 874 4069 993 4128; x_wconf 79' lang='lat' dir='ltr'><strong>civitatis</strong></span> <span class='ocrx_word' id='word_1_251' title='bbox 1009 4074 1104 4127; x_wconf 85' lang='lat' dir='ltr'><strong>nostra</strong></span> <span class='ocrx_word' id='word_1_252' title='bbox 1121 4071 1283 4142; x_wconf 74' lang='lat' dir='ltr'><strong>Mediolani,</strong></span> <span class='ocrx_word' id='word_1_253' title='bbox 1295 4075 1323 4128; x_wconf 83' lang='lat' dir='ltr'><strong>ei</strong></span> <span class='ocrx_word' id='word_1_254' title='bbox 1333 4072 1490 4130; x_wconf 77' lang='lat' dir='ltr'><strong>Ambrosius</strong></span> 
     </span>
     <span class='ocr_line' id='line_1_34' title="bbox 514 4151 1490 4229; baseline 0.001 -18"><span class='ocrx_word' id='word_1_255' title='bbox 514 4177 528 4204; x_wconf 82' lang='grc' dir='ltr'><strong><em>ι</em></strong></span> <span class='ocrx_word' id='word_1_256' title='bbox 547 4151 728 4211; x_wconf 77' lang='lat' dir='ltr'><strong>Trioeiierius</strong></span> <span class='ocrx_word' id='word_1_257' title='bbox 737 4157 765 4211; x_wconf 83' lang='lat' dir='ltr'><strong>si</strong></span> <span class='ocrx_word' id='word_1_258' title='bbox 776 4155 910 4214; x_wconf 75' lang='lat' dir='ltr'><strong>natenius</strong></span> <span class='ocrx_word' id='word_1_259' title='bbox 921 4156 957 4210; x_wconf 87' lang='lat' dir='ltr'><strong>de</strong></span> <span class='ocrx_word' id='word_1_260' title='bbox 968 4154 1095 4227; x_wconf 71' lang='lat' dir='ltr'><strong>ingloria</strong></span> <span class='ocrx_word' id='word_1_261' title='bbox 1107 4160 1347 4229; x_wconf 58' lang='lat' dir='ltr'><strong>procuratorene</strong></span> <span class='ocrx_word' id='word_1_262' title='bbox 1355 4153 1490 4216; x_wconf 71' lang='lat' dir='ltr'><strong>setianus</strong></span> 
     </span>
    </p>
   </div>
   <div class='ocr_carea' id='block_1_4' title="bbox 0 0 1699 5122">
    <p class='ocr_par' dir='ltr' id='par_1_6' title="bbox 0 0 1699 5122">
     <span class='ocr_line' id='line_1_35' title="bbox 0 0 1699 5122; baseline 0 0"><span class='ocrx_word' id='word_1_263' title='bbox 0 0 1699 5122; x_wconf 95' lang='lat' dir='ltr'><strong> </strong></span> 
     </span>
    </p>
   </div>
  </div>
 </body>
</html>
