3386 5122
366 315 368 320 ·
428 292 472 366 ll

469 408 564 492 LIV.
592 406 645 489 De
670 408 910 494 reservatione
932 407 1136 476 litterarum
1163 408 1385 504 presentium
1414 408 1480 476 oi-

419 529 511 598 ccrii
528 524 676 598 ‘demitti
696 522 901 617 Mediolani.
1191 597 1203 610 ¹

468 644 551 716 Per⁴
569 643 749 742 presentia
767 653 912 712 'statuta
938 664 1011 710 non
1043 638 1261 738 intelligatur
1292 641 1330 710 in
1355 639 1477 740 aliquo

416 762 625 859 derogatum
651 759 780 832 litteris
807 783 870 830 seu
896 756 1022 854 bayliis
1053 783 1121 856 per
1150 755 1379 856 magnificum
1405 759 1478 830 do-·

418 880 553 950 minum
580 876 777 948 Mediolani
808 875 949 946 vicariis
984 888 1021 947 et
1044 875 1284 972 potestatibus
1310 877 1347 946 in
1374 879 1471 949 ouria

415 995 546 1094 prefati
568 995 705 1068 domini
723 992 1012 1084 comorantibus,
1029 993 1092 1066 sed
1114 995 1325 1066 auctoritate
1342 993 1472 1072 horum

418 1125 636 1184 statutorum
670 1131 812 1183 omnem
846 1110 987 1182 roboris
1021 1109 1225 1183 firmitatem
1259 1111 1471 1204 obtineant,

417 1241 531 1328 prout
560 1241 642 1300 ante
668 1226 974 1325 compillationem
1001 1227 1128 1301 horum
1160 1240 1378 1300 statutorum
1405 1228 1472 1302 ob·

271 1328 274 1336 ¹
327 1377 330 1382 ·
419 1346 594 1418 tinebant.

467 1461 542 1532 LV.
577 1463 632 1536 De
648 1497 651 1504 ·
665 1461 899 1536 exactoribus
932 1477 968 1534 et
1006 1456 1287 1562 receptatoribus
1318 1469 1472 1562 pecunie

414 1586 595 1673 comana,
620 1597 656 1654 et
681 1606 805 1673 eoram
830 1577 1086 1679 reprobatione,
1111 1580 1343 1656 satisdatione
1368 1597 1404 1656 et
1420 1579 1473 1680 of-

403 1699 500 1794 fitio.

467 1815 597 1890 Nullus
620 1820 737 1918 possit
772 1832 914 1890 exactor
943 1817 1001 1890 vel
1032 1831 1197 1920 receptor
1230 1815 1473 1919 condempna-

416 1938 583 2028 tionum,
609 1934 815 2025 fodrorum,
844 1935 1014 2008 talearum
1041 1935 1098 2006 vel
1124 1935 1271 2008 alterius
1297 1940 1473 2036 peecmie

415 2054 578 2136 comunis
604 2051 824 2145 Mediolani,¹
846 2053 965 2124 eundo
996 2078 1062 2150 per
1088 2056 1268 2128 civitatem
1295 2068 1333 2126 et
1358 2056 1471 2126 comi-

416 2184 531 2244 tatum
556 2170 755 2244 Mediolani
782 2169 970 2270 exigendo,
994 2173 1064 2244 nisi
1082 2173 1183 2272 prius
1200 2171 1310 2246 fuerit
1326 2173 1472 2246 ellectus

419 2303 456 2362 et
482 2289 678 2390 aprobatus
704 2315 768 2388 per
797 2290 984 2361 dominum
1017 2288 1215 2362 Mediolani
1248 2291 1303 2363 vel
1328 2317 1394 2390 per
1420 2289 1474 2362 of·

415 2406 530 2480 fitium
565 2409 843 2508 pravissimum,
878 2423 914 2479 et
949 2407 1177 2480 satisdederit
1212 2408 1258 2479 ad
1293 2433 1471 2484 cameram

417 2529 579 2598 comunis
605 2526 801 2598 Mediolani
827 2552 908 2596 cum
932 2525 1037 2597 bonis
1059 2523 1332 2600 fideiussoribus
1350 2552 1471 2600 coram

415 2644 571 2715 dominis
597 2668 673 2735 sex,
699 2642 745 2715 de
770 2642 931 2715 fatiendo
964 2644 1100 2715 dictum
1133 2641 1288 2716 offitium
1318 2642 1412 2717 bene
1439 2661 1473 2718 et

414 2761 600 2862 legaliter,
627 2762 734 2833 etde
767 2761 929 2834 rodendo
962 2761 1093 2833 bonam
1121 2755 1297 2834 rationem
1330 2750 1473 2834 comuni

412 2879 606 2952 Mediolani
632 2893 669 2952 et
696 2880 845 2954 cuilibet
870 2881 975 2952 alteri
999 2905 1170 2980 persone,
1198 2894 1235 2952 et
1259 2905 1335 2954 non
1358 2883 1473 2981 possit

382 2979 388 2994 ’
413 3001 489 3098 ipse
514 3010 660 3070 exactor
687 3025 751 3072 seu
769 3013 938 3098 receptor
955 3001 1009 3070 ire
1026 3023 1093 3096 per
1111 3000 1319 3069 comitatum
1338 2999 1384 3070 ad
1401 3001 1472 3071 exi-

415 3113 573 3218 gendum
599 3129 640 3188 ut
665 3142 793 3218 supra,
821 3120 889 3190 nisi
915 3116 1085 3190 habuerit
1113 3118 1149 3188 in
1173 3118 1317 3216 scriptis
1336 3121 1373 3190 in
1391 3144 1473 3215 qua·

413 3237 525 3307 ternis
561 3236 706 3304 nomina
741 3235 945 3306 debitorum
971 3248 1006 3305 et
1040 3236 1262 3336 quantitates
1288 3249 1325 3305 et
1351 3259 1473 3306 causas

412 3354 616 3426 debitorum
649 3351 851 3450 subscripta
882 3366 918 3424 et
944 3353 1165 3452 subscriptas
1197 3377 1308 3423 manu
1339 3355 1472 3424 notarii

411 3472 518 3545 offitii
545 3472 806 3572 provisionum.
835 3472 906 3562 Qui
939 3470 1098 3545 offitialis
1132 3496 1196 3544 seu
1223 3486 1366 3544 exactor
1391 3497 1473 3542 cum

412 3588 520 3662 suerit
554 3615 718 3664 reversus
745 3590 791 3662 de
827 3591 906 3688 ipso
934 3592 1123 3682 comitatu,
1151 3603 1319 3662 teneatur
1354 3591 1472 3662 eidem

412 3709 527 3780 offitio
553 3711 801 3808 prouixionum
834 3711 870 3780 iu
901 3711 1046 3808 scriptis
1078 3708 1164 3781 dare
1195 3711 1341 3780 nomina
1368 3708 1471 3780 debi-

325 3841 328 3850 '
415 3840 553 3919 torum,
581 3854 602 3898 a
629 3830 760 3928 quibus
788 3828 958 3927 exigerit,
985 3841 1022 3899 et
1047 3830 1287 3928 quantitates,
1307 3842 1346 3916 ut
1362 3813 1492 3898 videri'

409 3947 524 4045 possit
551 3946 638 4042 quid
664 3949 811 4044 exigerit
837 3947 892 4018 vel
920 3971 1012 4036 non,
1039 3961 1073 4018 et
1099 3973 1144 4016 ne
1169 3944 1328 4017 fraudem
1348 3948 1474 4016 comit·

414 4053 490 4135 tere
517 4065 633 4162 possit
660 4065 695 4134 in
723 4067 799 4135 eius
826 4066 949 4134 offitia.
979 4066 1025 4136 Et
1052 4061 1118 4135 hec
1142 4065 1262 4135 omnia
1281 4075 1316 4134 et
1334 4061 1473 4160 singula
