3416 5054
1246 280 1293 354 '19'

243 391 402 467 effitialis
422 395 619 495 deputatus
645 390 741 465 etin
758 393 919 466 luturum
942 394 1168 494 deputandus
1187 423 1295 498 super

242 512 357 586 offitio
386 509 600 603 stratarum,
634 514 696 610 qui
728 513 858 584 debeat
887 534 1082 612 procurare
1113 527 1151 586 et
1176 512 1295 588 lacere

243 657 324 706 curn
350 629 501 722 ellectu,
529 629 633 728 quod*
647 625 815 729 ‚predicte
847 644 956 702 strate
982 644 1018 702 et
1038 623 1172 764 ‘pontes
1197 653 1296 733 reap-

242 763 363 821 t'entur
388 762 425 822 et
439 745 672 840 rcfitientur,
696 762 733 820 et
751 751 801 820 ita
818 748 918 846 quod
936 748 982 830 ad
999 751 1115 822 minus
1132 749 1296 848 quolibet

242 889 335 938 anno
360 867 464 940 fatiat
488 867 645 998 reaptari
672 860 803 937 stratas
827 866 981 937 duarum
1006 880 1194 967 portarum
1220 869 1296 942 Me-

241 982 400 1078 diolani,
435 984 500 1056 ubi
539 983 650 1082 magis
693 987 934 1056 necessarium
973 997 1010 1056 et
1049 977 1295 1085 opportunum

243 1100 377 1194 fuerit,
408 1114 445 1174 et
470 1101 586 1173 lacere
613 1099 692 1172 lieri
717 1100 847 1172 debeat
872 1101 918 1172 de
944 1102 1129 1173 mensibus
1154 1105 1298 1196 martii,

242 1218 367 1319 aprilis
388 1234 429 1291 et
453 1222 544 1291 maii·
563 1217 753 1290 cuiuslibet
770 1221 853 1289 anni
870 1231 908 1290 et
925 1243 999 1290 nou
1017 1221 1088 1290 alio
1106 1233 1295 1320 tempore3

241 1351 281 1408 et
305 1338 405 1434 quod
430 1337 588 1438 predicti
613 1337 751 1408 domini
777 1359 839 1408 sex
862 1351 990 1408 curent
1007 1352 1044 1410 et
1061 1337 1195 1411 faciant
1212 1365 1296 1412 oum

240 1451 388 1528 effectu
383 1454 521 1553 ,quod
545 1469 664 1526 turres
690 1463 728 1526 et
747 1467 893 1553 porte
870 1455 1024 1525 civitatis
1042 1459 1297 1554 cooperiantur

240 1586 277 1656 et
307 1585 480 1671 cooperte
512 1583 549 1642 et
583 1582 703 1668 aptate
729 1582 946 1661 teneantur,
981 1583 1018 1641 et
1043 1570 1143 1668 quod
1166 1585 1297 1673 pontes

239 1701 426 1789 portarum
452 1702 490 1763 et
514 1688 623 1760 etiam
653 1683 922 1787 pusterlarum,
955 1691 985 1757 si
1020 1679 1217 1788 contingat
1236 1715 1296 1762 eas

241 1808 368 1906 aptari
390 1819 427 1879 et
458 1807 591 1906 aperiri
624 1818 662 1877 et
694 1807 745 1876 cis
776 1829 884 1905 posse
914 1807 989 1896 uti,
1022 1815 1242 1905 coaptentur
1263 1821 1298 1878 et

238 1936 397 2025 reaptate
421 1921 739 2022 manuteneantur,
765 1935 801 1994 et
826 1922 915 2008 liant
937 1935 1044 2022 porte
1063 1923 1297 1996 ciuitatis'ubi

240 2043 372 2114 desunt
382 2098 395 2132 ,
421 2055 458 2114 et
479 2041 578 2142 quod
595 2053 706 2113 strate
724 2065 790 2113 nec
808 2055 936 2139 pontes
955 2040 1076 2140 aliquo
1093 2037 1296 2114 modo'non

239 2163 381 2260 possint
404 2159 483 2232 dari
508 2158 663 2258 lagiariis
690 2159 735 2230 ad
761 2155 1011 2248 relitiendum,
1037 2172 1074 2230 et
1098 2161 1198 2256 quod
1220 2165 1296 2230 non

239 2281 378 2378 possint
402 2277 481 2350 dari
497 2277 617 2376 alique
636 2277 886 2348 concessiones
906 2279 1098 2347 occaxione
1117 2275 1297 2348 dictarum

240 2408 432 2468 stratarum
457 2409 494 2467 et
518 2396 711 2494 pontium,
742 2394 802 2465 sed
834 2393 1001 2464 omnibus
1031 2393 1149 2464 modis
1175 2387 1211 2465 et
1238 2413 1298 2466 rea'

240 2515 366 2587 mediis
393 2515 482 2585 iuris
509 2512 773 2612 compellantur
797 2513 905 2584 etiam
921 2507 1066 2582 ¹domus
1092 2505 1139 2583 'ct
1153 2515 1295 2584 uuiver-

241 2632 366 2707 sitates
392 2645 430 2702 et
453 2631 617 2702 homines
628 2686 639 2721 ,
666 2632 729 2726 qui
756 2642 794 2709 et
825 2653 898 2726 que
925 2627 1094 2702 tenentur
1126 2629 1171 2700 ad
1196 2624 1297 2702 refe-

239 2751 397 2820 ctionem
414 2748 578 2847 pontium
596 2760 634 2818 et
649 2759 854 2839 stratarum,
867 2749 965 2847 ipsos
983 2759 1020 2818 et
1032 2750 1129 2846 ipsas
1144 2741 1299 2819 reficere

240 2865 462 2966 temporibus
478 2865 657 2963 congruis,
674 2877 711 2936 et
726 2867 756 2936 si
771 2889 842 2962 que
857 2865 1105 2935 concessiones
1122 2861 1296 2936 darentur

236 2986 325 3084 ipsis
337 2981 606 3074 ocoaxionibus,
620 3008 694 3054 non
707 2982 849 3053 valeant
862 3005 930 3054 nec
949 2978 1097 3053 teneant
1110 2977 1293 3081 ipso‘iure.

248 3143 256 3151 -
286 3103 448 3176 Potestas
473 3099 670 3172 Mediolani
695 3114 732 3171 ct
758 3100 894 3171 domini
921 3125 984 3171 sex
1004 3122 1145 3173 camere
1164 3114 1201 3172 et
1218 3095 1296 3199 qui-

237 3219 327 3293 libet
339 3221 463 3294 eorum
478 3217 609 3290 amodo
627 3230 820 3290 tencantur
837 3215 1033 3316 inquirere,
1048 3214 1156 3318 prout
1169 3215 1296 3290 melius

201 3356 204 3362 ·
239 3351 275 3409 et
299 3338 530 3410 subtiliustet
554 3337 708 3409 velotius
733 3338 915 3434 poterint,
936 3361 1060 3408 omues
1078 3337 1241 3407 homines
1259 3355 1296 3408 et

238 3454 437 3554 singulares
455 3479 626 3554 personas
645 3455 798 3526 civitatis
816 3466 853 3526 et
870 3456 1064 3542 comitatus
1082 3451 1293 3545 Mediolani,

238 3585 275 3647 et
299 3575 464 3644 comunia
489 3573 684 3670 burgorum
710 3584 748 3644 et
773 3570 959 3662 locorum,
986 3571 1206 3641 cassiuarum
1220 3563 1243 3660 ,³
1258 3585 1295 3643 'et

238 3689 549 3781 molendinorum,
575 3692 639 3791 qui
663 3689 722 3761 vel
746 3714 819 3787 que
843 3689 980 3774 babent
1003 3687 1061 3759 vel
1087 3687 1293 3782 habebunt,

239 3819 365 3882 tenent
380 3806 439 3880 vel
454 3809 630 3880 tenebunt
646 3806 783 3906 aliquid
799 3809 983 3907 pertinens
1002 3807 1147 3878 comuni
1160 3806 1297 3878 Medio*

237 3924 328 4018 lani,
344 3937 382 3997 et
397 3927 461 4024 qui
477 3925 535 3998 vel
548 3951 619 4023 qne
635 3924 723 3997 dare
740 3924 797 3996 vel
815 3927 940 3996 tenere
957 3921 1014 3996 vel
1022 3921 1294 4022 ¹facere'aliquid

239 4041 373 4116 debent
396 4043 454 4116 ‘vel
481 4043 671 4116 debebunt
703 4042 848 4114 comuni
876 4040 1101 4136 Mediolani,
1126 4041 1296 4115 tenentur
