3386 5122
407 249 454 318 36

402 359 546 452 diendi,
573 359 799 434 examinandi
830 372 867 432 et
891 359 1136 457 cognoscendi
1163 385 1229 460 pro
1258 385 1298 432 so
1325 373 1363 434 et
1386 363 1471 434 siue

403 481 551 554 datione
583 477 732 551 alicuius
766 478 1011 579 sapientisde
1035 477 1271 551 omnibus'et
1295 478 1471 578 singulis,

402 623 475 698 que
500 622 568 698 per
592 596 692 668 illum
716 597 770 669 vel
796 596 899 689 illos,
925 621 1018 696 quos
1044 596 1223 670 sindicare
1249 596 1472 687 debuerint,

402 717 557 790 comissa
581 729 618 788 et
641 727 850 817 perpetrata
871 715 1005 788 firmint
1021 715 1079 787 vel
1096 714 1306 788 dicerentur
1331 739 1470 816 perpe-

402 849 496 908 trata
508 834 620 907 fuisse
635 836 672 906 in
688 857 816 906 eorum
828 834 886 908 vel
899 833 1050 906 alicuius
1062 855 1188 906 eorum
1206 817 1323 907 offitio
1338 845 1470 906 contra

402 951 554 1028 formam
588 952 696 1044 imis,
725 955 953 1024 statutorum
972 967 1009 1023 ot
1036 951 1375 1036 ordinamentorum
1401 973 1467 1022 coa·

401 1072 522 1142 munis
549 1069 765 1163 Mediolani,
791 1081 828 1142 at
854 1083 980 1173 contra
1008 1066 1187 1143 bonorem
1212 1069 1271 1144 vel
1302 1071 1467 1143 debitum

401 1187 509 1260 oilitii
534 1211 661 1260 eorum
684 1187 742 1260 vel
767 1186 914 1260 alterius
940 1212 1085 1280 eorum,
1107 1200 1145 1261 et
1169 1187 1216 1260 de
1242 1187 1409 1261 omnibus
1428 1199 1468 1260 et

402 1303 580 1404 singullis'
592 1331 658 1405 per
682 1307 802 1404 ipsum
828 1309 1060 1406 potestatem,
1077 1305 1215 1380 iudices
1232 1319 1270 1378 et
1284 1302 1466 1378 oilitialles'

402 1436 440 1496 et
465 1423 619 1496 famulos
653 1425 710 1497 vel
743 1423 899 1522 aliquem
933 1423 1001 1497 vel
1023 1425 1164 1522 aliquos
1188 1450 1235 1496 *ex
1263 1426 1316 1496 eis
1340 1421 1465 1513 lactis,

401 1542 510 1640 gestis
537 1554 574 1615 et
599 1539 875 1634 administratis,
901 1555 938 1614 et
964 1567 1036 1640 que
1067 1540 1170 1633 lieri,
1189 1543 1265 1642 geri
1287 1555 1330 1613 et
1349 1541 1467 1638 admif

400 1661 548 1734 nistrari
575 1660 785 1752 debuerint,
803 1673 839 1732 et
857 1663 966 1733 ctiam
992 1661 1169 1760 neglectis
1186 1673 1224 1732 et
1240 1661 1383 1733 omissis
1400 1686 1468 1764 per

401 1804 463 1852 eos
490 1779 545 1851 vel
571 1778 725 1850 alterum
743 1803 870 1850 eorum
889 1782 926 1850 in
945 1802 1073 1851 eorum
1091 1778 1149 1851 vel
1167 1778 1321 1850 alicuius
1339 1777 1465 1851 eorum

400 1894 540 1987 olfitio,
566 1911 603 1969 et
628 1895 848 1994 generaliter
872 1897 917 1968 de
942 1895 1233 1996 quibuscumque
1259 1894 1466 1990 fraudibus,

402 2012 597 2086 mallefitiis
619 2014 680 2085 *vel
706 2011 893 2086 baratariis
911 2039 978 2114 per
994 2039 1056 2088 eos
1075 2017 1132 2090 vel
1159 2015 1312 2088 alterum
1338 2039 1465 2088 eorum

402 2134 565 2204 comissis
598 2135 635 2204 in
668 2157 795 2204 eorum
820 2134 878 2204 vel
905 2132 1090 2208 alteriusA
1113 2147 1240 2208 eorum
1266 2131 1462 2210 ollltiotu'el

400 2275 445 2325 eo
463 2251 632 2341 durante;
648 2263 686 2322 et
699 2253 736 2322 in
750 2237 924 2351 predictis
937 2263 975 2324 et
989 2277 1098 2352 super
1110 2237 1284 2352 predictis
1299 2251 1468 2324 omnibus·

400 2381 438 2440 et
462 2356 611 2469 singulis
637 2367 864 2469 procedendi
891 2382 928 2442 et
952 2371 1142 2448 ueritatem
1167 2369 1373 2470 reperiendi
1391 2355 1464 2440 tam

400 2511 466 2588 per
492 2486 649 2561 offitium
677 2513 739 2560 seu
766 2513 833 2589 per
858 2489 1154 2587 inquisitionem,
1177 2487 1291 2587 ¹quam
1318 2514 1385 2588 per
1410 2513 1466 2560 ac·

401 2631 544 2698 cusam,
563 2607 783 2703 querellam,
802 2609 1016 2706 petitionem
1042 2607 1099 2680 vel
1126 2607 1393 2706 querimoniam
1410 2606 1466 2680 vel
1552 2609 1559 2623 '

401 2723 506 2796 aliam
526 2724 727 2824 simplicem
745 2723 1051 2798 notiflicatiouem'
1067 2727 1124 2798 vel
1143 2727 1359 2828 scripturam
1377 2727 1464 2827 ipsis

399 2841 457 2920 vel
484 2869 608 2918 coram
636 2845 724 2946 ipsis
750 2842 1028 2921 sindicatoribus
1045 2843 1103 2920 vel
1122 2870 1247 2920 eorum
1274 2841 1391 2918 offitio
1407 2841 1466 2918 vel

399 2961 446 3033 ad
472 2961 654 3034 banchum
681 2963 739 3036 vel
765 2966 873 3036 etiam
891 2965 928 3034 in
946 2981 1038 3062 cepo
1062 2965 1215 3064 puritia,
1232 2965 1391 3064 porectis
1408 2960 1466 3035 vel

398 3078 587 3182 productis
604 3107 671 3182 per
685 3081 839 3184 aliquam
856 3107 1070 3185 personam,
1085 3107 1256 3175 comune,
1273 3081 1464 3184 collegium

398 3197 454 3272 vel
481 3199 771 3293 universitatem,
788 3217 899 3301 prout
924 3201 1011 3299 ipsis
1038 3199 1319 3277 uindicatoribus
1336 3200 1464 3280 melius

398 3316 580 3390 videbitur
597 3317 784 3418 expedire,
802 3331 840 3392 et
857 3319 1158 3419 proclamationes
1185 3335 1222 3392 et
1248 3319 1364 3392 cridas
1382 3316 1464 3392 fieri

398 3431 607 3512 iatimtibus
634 3448 708 3508 tam
727 3438 765 3512 in
783 3439 926 3514 civitate
953 3464 1062 3542 quam
1080 3439 1118 3514 iu
1136 3441 1308 3516 comitatu
1326 3437 1466 3514 Medio-

392 3553 486 3646 lani,
506 3572 544 3628 et
569 3557 724 3635 maxime
750 3557 787 3632 iu
815 3553 906 3630 locis
933 3569 971 3630 ot
996 3557 1180 3657 partibus,
1198 3559 1234 3630 in
1253 3556 1386 3656 quibus
1404 3555 1464 3628 ille

397 3671 456 3742 vol
482 3673 554 3770 illi,
580 3676 642 3776 qui
669 3673 805 3750 fuerint
832 3675 1049 3770 sindicandi,
1071 3671 1284 3749 habitabant
1310 3690 1347 3750 et
1372 3699 1463 3745 con-

396 3789 636 3885 versabantur
650 3806 817 3894 tempore
832 3795 888 3868 sui
906 3791 1024 3888 offitii,
1041 3809 1079 3868 et
1091 3775 1155 3870 ubi
1167 3819 1293 3868 eorum
1309 3791 1462 3874 offitium

401 4068 420 4111 a
449 4058 594 4116 «alicuius
612 4079 625 4138 ῃ
646 4060 723 4128 (cod.
744 4062 848 4132 Mu).
895 4043 898 4050 ’
