3416 5054
1254 323 1301 396 bl

264 431 268 440 ’
301 435 428 508 xcn..
445 435 556 532 Quod
580 441 738 508 scolares
759 449 794 506 et
819 442 908 518 certi
927 423 994 508 alii
1009 437 1209 512 ediscentes
1233 422 1306 511 non

251 554 502 655 impediantur.
951 541 954 550 ’
1300 541 1303 548 Δ

300 671 463 761 Quilibet
475 673 630 743 civitatis
644 685 681 742 et
694 674 886 744 comitatus
903 671 1096 743 Mediolani
1111 687 1148 744 et
1161 674 1307 746 aliunde

251 789 507 889 undecumque
532 790 602 878 sit,
632 793 749 888 possit
780 777 893 863 libere
925 803 1021 868 stare
1049 777 1087 862 et
1111 793 1243 863 morari
1270 795 1307 863 in

250 908 396 979 civitate
421 919 457 978 et
481 908 604 1002 burgis
631 907 835 978 coniunctis
857 910 894 978 in
912 907 1032 979 studio
1050 894 1087 980 et
1104 935 1171 1008 pro
1188 895 1307 981 studio

249 1023 391 1123 legum,
416 1024 656 1097 decretalium
667 1023 824 1115 ‚fixice,
850 1023 1015 1124 cilorgie‚
1043 1013 1309 1118 tabellionatus,

250 1155 288 1213 et
311 1167 380 1242 pro
406 1141 601 1213 adiscendo
628 1141 787 1214 scribere
812 1155 850 1214 et
874 1141 1072 1215 cuiuslibet
1101 1145 1189 1216 artis
1214 1143 1307 1216 libe·

250 1260 359 1351 ralis,
381 1259 521 1378 absque
545 1285 588 1332 eo
610 1258 708 1357 quod
725 1262 842 1372 possit
859 1262 940 1361 capi
958 1249 1025 1360 pro
1043 1261 1165 1360 aliquo
1183 1245 1307 1334 debito

248 1378 394 1478 publico
416 1362 477 1450 vel
501 1379 660 1476 privato,
682 1379 753 1448 nisi
776 1377 835 1451 ille
854 1375 965 1450 suerit
979 1364 1230 1479 principaliter
1244 1395 1309 1451 no'·

248 1499 405 1569 minatus
431 1509 470 1568 et
495 1495 711 1595 obligatus
702 1522 740 1567 ιιι
759 1496 899 1587 debito,
917 1521 986 1595 pro
1004 1523 1077 1594 quo
1095 1509 1307 1596 caperetur;

208 1689 211 1696 ,
249 1626 288 1686 et
311 1613 382 1686 hoc
409 1639 483 1686 non
510 1613 679 1684 obstante
704 1613 825 1711 aliquo
843 1613 940 1706 dato,
960 1603 1061 1686 facto
1073 1613 1128 1686 vel
1146 1601 1308 1726 latiendb

248 1755 316 1831 per
341 1755 497 1803 comune
523 1728 731 1803 Mediolani.
1196 1771 1199 1778 ·

299 1849 428 1921 XCIII.
449 1847 560 1944 Quod
570 1855 692 1920 nauus
705 1846 930 1922 trodoturde
942 1852 1049 1922 domo
1066 1856 1130 1921 uel
1141 1853 1303 1924 ecclesia.

298 1967 426 2040 Nullus
451 1970 488 2038 in
514 1968 658 2038 civitate
682 1966 880 2040 Mediolani
904 1969 962 2040 vel
987 1968 1248 2041 suburbiisch
1269 1972 1305 2040 in

249 2089 420 2157 comitatu
445 2085 490 2156 de
516 2086 626 2156 domo
651 2077 886 2158 habitationis
904 2111 968 2158 sue
986 2101 1047 2158 aut
1063 2075 1217 2160 ecclesia
1235 2097 1306 2158 tra-

250 2201 357 2274 hatur
387 2229 456 2304 pro
489 2201 613 2303 aliquo
645 2203 774 2274 debito
804 2203 951 2302 publico
967 2195 1036 2275 'vel
1053 2207 1237 2304 privato5
1268 2217 1308 2275 et

249 2324 279 2394 si
305 2334 434 2394 contra
460 2320 584 2411 fieret,
611 2347 685 2392 non
710 2321 851 2412 valeat,
877 2335 914 2394 et
940 2321 1197 2394 contrafatiens
1223 2347 1309 2402 onn-

248 2417 527 2541 dempneturin
552 2439 654 2510 libris
680 2437 807 2512 decem
834 2440 1087 2532 tertiolorum,
1120 2452 1158 2510 et
1183 2451 1308 2539 captus

246 2558 443 2632 relassetur
468 2559 635 2658 expensis
661 2557 958 2630 controfatientis.
1023 2607 1027 2614 -

297 2675 428 2747 XCIV.
456 2677 513 2765 De
536 2682 752 2748 testamentis
783 2676 1023 2773 registrandls
1048 2676 1100 2748 ud
1127 2695 1309 2770 'rammam

241 2803 315 2895 pro
339 2799 537 2866 elinzoxr'na
563 2809 599 2865 et
623 2799 759 2867 relictis
783 2795 833 2865 ad
851 2800 935 2893 pias
958 2817 1095 2866 causas.
1159 2843 1164 2852 ·
1292 2818 1299 2880 ζ

299 2909 389 2984 Cum
408 2913 521 2986 multe
538 2913 729 2985 elimoxine
747 2915 821 2984 sint
836 2913 1022 2984 subtracto
1039 2905 1187 3012 propter
1203 2913 1308 2984 amis·
1346 2911 1351 2918 ’

246 3034 385 3104 sionem
403 3043 703 3123 testamentorum
715 3044 750 3102 et
762 3029 968 3102 ultimarum
985 3027 1210 3102 voluntatum
1223 3031 1307 3119 hiis,

248 3151 382 3249 quibus
406 3149 584 3224 hactenus
611 3163 694 3222 sunt
719 3149 855 3247 legate,
878 3150 1045 3221 statuitur
1061 3141 1165 3247 'quod
1182 3141 1309 3222 omnes

247 3271 379 3340 notarii
412 3269 568 3340 civitatis
600 3282 638 3340 et
669 3271 859 3340 comitatus
890 3266 1088 3339 Mediolani
1117 3280 1308 3338 teneantur

249 3401 288 3458 et
312 3386 471 3459 debeant
494 3389 617 3458 omnia
641 3399 876 3477 testamenta,
902 3385 1076 3457 codiciIos
1103 3398 1140 3454 et
1163 3382 1309 3456 ultimas

247 3506 468 3598 voluntates,
502 3507 540 3578 in
575 3505 709 3604 quibus
744 3531 811 3604 pro
846 3503 1038 3576 elimoxina
1072 3527 1138 3574 seu
1168 3503 1215 3574 ad
1242 3495 1309 3573 eli-

247 3624 424 3716 mosinam
453 3624 589 3722 aliquid
609 3624 658 3696 sit
674 3623 861 3713 relictum,
880 3621 1076 3720 dequibus
1095 3619 1312 3692 tradiderint

248 3745 502 3833 instrumenta,
519 3740 613 3813 infra
638 3767 801 3815 mensem
828 3765 941 3812 unum
966 3753 1051 3838 post
1077 3751 1232 3810 mortem
1259 3737 1311 3810 le·

246 3860 362 3957 gantis
390 3885 454 3934 seu
479 3862 684 3962 ordinantis
710 3885 777 3960 pro
804 3858 990 3930 elimosina
1015 3871 1225 3956 presentare
1247 3856 1311 3928 do·

204 3997 208 4002 '
248 3978 356 4050 minis
382 4004 443 4051 sex
468 4003 630 4070 caruere,
662 3981 724 4078 qui
755 3978 800 4049 ad
830 4001 1006 4048 cameram
1037 3977 1202 4046 comunis
1233 3965 1311 4045 Me·

249 4095 385 4169 diolani
411 4123 478 4196 per
505 4110 668 4198 tempora
687 4095 834 4188 fuerint,
860 4111 1036 4194 quantum
1063 4093 1108 4165 ad
1134 4109 1312 4193 punctum
