3386 5122
266 496 391 568 lesimo
407 498 662 570 trecentesimo
679 499 955 596 quadragesimo
982 511 1109 572 octavo
1135 512 1174 570 ct
1199 513 1326 599 postea

237 683 238 686 ,
267 613 461 686 reformata
494 641 575 686 cum
610 617 913 707 correctionibuS‚
946 617 1256 690 emendationibus
1289 631 1326 690 et

268 731 533 804 addictionibus
557 759 667 832 super
683 736 733 805 eis
751 732 857 806 factis
875 747 914 807 et
929 735 974 807 ab
992 735 1077 807 inde
1095 739 1184 806 citra
1201 751 1326 834 etque

267 848 357 922 fient
381 852 469 922 hinc
496 851 542 923 ad
567 849 741 924 kalendas
766 853 858 923 iunii
874 855 1072 952 proximas,
1089 866 1199 952 prout
1217 853 1254 925 in
1273 856 1327 925 eis

142 1012 146 1020 ·
266 971 441 1066 scriptum
479 993 558 1040 esse
590 969 810 1068 reperiatur,
842 968 1072 1068 publicentur
1101 983 1140 1042 et
1165 995 1234 1070 pro
1264 996 1329 1070 pu·

267 1085 410 1160 blicatis
435 1087 640 1159 habeantur
669 1102 706 1160 et
730 1101 941 1179 teneantur,
967 1087 1065 1159 dicta
1090 1091 1327 1188 suspensione

267 1231 342 1276 non
368 1206 558 1294 obstante3
576 1218 614 1278 et
631 1205 731 1304 quod
758 1207 835 1304 ipsa
863 1218 997 1278 statuta
1021 1207 1059 1277 in
1086 1209 1249 1298 civitate,
1268 1230 1329 1278 co-¹

147 1358 152 1366 ·
266 1322 397 1394 mitatu
431 1336 469 1394 et
500 1324 669 1395 districtu
692 1321 900 1395 Mediolani·
918 1348 983 1423 per
1009 1323 1191 1421 quoslibet
1215 1323 1328 1396 iusdi-

217 1445 223 1458 ’
265 1455 391 1513 centes
416 1456 453 1514 et
477 1441 654 1514 offitialles
688 1444 726 1512 in
757 1442 865 1513 dictis
892 1443 1060 1533 civitate,
1090 1431 1266 1514 comitatu
1291 1457 1328 1514 et

266 1559 435 1630 districtu
451 1559 652 1632 Mediolani
669 1585 737 1658 per
754 1584 1002 1659 quascumque
1027 1559 1128 1630 allias
1155 1585 1328 1659 personas

266 1689 456 1750 serventur
472 1689 508 1748 et
524 1677 661 1748 servari
678 1676 838 1749 debeant
854 1675 1107 1750 tantummodo
1126 1701 1147 1748 a
1162 1675 1327 1750 kalendis

267 1796 356 1864 iunii
381 1797 418 1865 in
444 1807 551 1866 antea
584 1793 782 1885 incluxive3
810 1805 847 1867 et
873 1795 973 1894 quod
1004 1792 1100 1865 dicta
1133 1805 1264 1865 statuta
1292 1809 1328 1866 et

267 1911 518 1984 ordinamenta
535 1937 629 1984 nova
645 1913 788 2011 vigeant
805 1925 842 1984 et
858 1915 979 2010 vigere
997 1911 1156 1984 debeant
1175 1924 1329 1984 tantum-

266 2028 376 2101 modo
411 2032 450 2102 in
484 2027 650 2103 kalendis
685 2030 774 2101 iunii
804 2032 965 2130 proxime
998 2029 1128 2101 futuris
1160 2033 1329 2102 inantea

265 2147 461 2238 inclusive3
489 2161 610 2220 cetera
636 2173 722 2220 vero
749 2159 883 2220 statuta
909 2162 946 2221 et
971 2137 1237 2241 ordinamenta,
1255 2174 1328 2250 que

266 2291 364 2337 nunc
389 2269 530 2366 vigent,
557 2268 704 2366 vigeant
729 2278 769 2337 et
792 2267 914 2365 vigere
940 2264 1101 2337 debea'nt
1133 2267 1263 2338 amodo
1290 2269 1328 2338 in

266 2399 372 2456 antea
398 2409 515 2482 usque
542 2383 588 2456 ad
614 2384 729 2456 dictas
755 2379 930 2455 kalendas
956 2384 1045 2454 iunii
1072 2383 1260 2457 exclusive.

314 2503 492 2574 Dominus
523 2501 728 2574 Ubertinus
754 2502 800 2574 de
826 2501 950 2573 Trizio
982 2503 1209 2598 iurisperitus
1239 2525 1328 2573 con-

265 2621 376 2693 suluit
401 2623 439 2692 in
465 2620 635 2693 omnibus
662 2635 699 2694 et
724 2631 790 2721 per
815 2620 956 2712 omnia,
980 2633 1093 2719 prout
1123 2620 1328 2690 consultum

266 2753 321 2810 est
345 2764 413 2838 per
436 2723 700 2811 dictum'dom.
729 2736 990 2810 Conradinum.

314 2857 358 2926 In
384 2855 657 2930 reflormatione
675 2858 777 2928 cuius
796 2855 974 2927 conscillii
994 2853 1090 2927 facto
1109 2857 1245 2955 partito
1262 2881 1329 2955 per

265 2975 384 3072 ipsum
417 2974 513 3046 dom.
544 2987 759 3073 potestatem
794 2978 891 3048 inter
923 2999 987 3046 eos
1014 2971 1060 3046 de
1093 2973 1256 3046 sedendo
1283 2975 1362 3046 ad.

264 3091 470 3184 levandum,
484 3091 552 3164 luit
566 3091 814 3164 refformatum
829 3094 867 3162 in
882 3090 1050 3162 omnibus
1063 3105 1100 3163 et
1114 3115 1181 3192 per
1192 3095 1329 3184 omnia,

264 3224 374 3310 prout
398 3235 465 3308 per
489 3211 587 3309 ipsos
613 3212 794 3310 sapientes
819 3208 1070 3282 refformatum
1097 3225 1162 3282 est.

316 3331 448 3400 Actum¹
476 3341 515 3399 ut
542 3354 668 3428 supra,
692 3325 921 3429 presentibus
946 3327 1138 3420 Iacobino,
1156 3329 1266 3398 Petro
1292 3337 1330 3398 et

262 3447 466 3520 Beriemolo
492 3447 666 3520 fratribus
697 3448 742 3520 de
769 3445 994 3544 Panigarolis
1027 3445 1110 3518 filiis
1141 3444 1238 3518 dom.
1263 3444 1331 3516 Be·

263 3567 385 3658 nemi,
404 3566 542 3638 civibus
560 3565 758 3637 Mediolani
782 3565 930 3636 notariis
948 3564 995 3636 ad
1012 3577 1145 3636 statuta
1164 3562 1330 3634 comunis

263 3683 476 3780 Mediolani,
497 3682 665 3755 Tobiollo
691 3682 888 3788 Aliprando
916 3680 993 3751 filio
1020 3681 1157 3753 domini
1183 3680 1330 3752 Rizardi

264 3815 370 3903 porte
396 3827 505 3896 nove,
530 3802 701 3902 parochie
724 3828 752 3872 s.
776 3801 925 3872 Martini
951 3800 997 3870 ad
1023 3799 1229 3906 Nuxigiam,
1250 3799 1328 3868 au-

264 3923 366 4021 gerio
392 3919 438 3992 de
464 3921 497 3992 la
523 3918 686 3995 Ecclesia
712 3920 787 3995 filio
809 3917 947 4017 quond.
965 3917 1106 3988 Alberti
1124 3932 1230 4017 porte
1247 3941 1329 3987 ver-

264 4039 400 4132 celine,
427 4040 600 4140 parochie
626 4065 654 4114 s.
673 4039 788 4110 Mario
806 4035 983 4130 Pedonis,
1002 4051 1039 4110 et
1056 4036 1236 4108 Franzolo
1254 4033 1330 4106 silio

265 4183 299 4253 q.
316 4157 474 4229 domini.
492 4214 499 4228 .
566 4212 573 4227 .
589 4171 696 4258 porte
712 4157 907 4248 ticinensis,
921 4157 1094 4256 parochie
1112 4183 1139 4228 s.
1155 4153 1330 4254 Sepulcri,
