3386 5122
1248 451 1268 522 'l

216 566 294 637 simi
322 559 458 634 domini
484 560 580 631 dom.
607 560 709 631 ducis
727 560 922 634 Mediolani
940 575 1007 634 etc.
1028 566 1169 636 comitis
1193 566 1274 635 Vir-

217 695 357 771 tutum,
384 691 423 750 et
461 665 593 750 officio*
619 681 839 778 provisionis
878 683 1043 752 comunis
1077 682 1273 754 Mediolani

215 799 420 898 specialiter
446 797 657 897 deputatus,
684 809 721 868 et
753 798 892 870 nobiles
918 813 955 870 et
987 800 1184 897 prudentes
1208 800 1275 871 viri

217 915 354 989 domini
368 917 582 988 Franciscus
594 915 642 987 de
655 915 856 1014 Tegnosiis,
870 915 1031 990 Andreas
1049 917 1094 989 de
1107 918 1276 1011 Ruziolo,
1340 999 1349 1010 1

217 1035 336 1134 legum
362 1033 531 1106 doctores
557 1033 603 1104 de
631 1032 781 1130 collegio
815 1034 976 1106 iudicum
1002 1033 1213 1127 Mediolani,
1241 1049 1277 1108 et

218 1177 300 1224 cum
325 1152 534 1252 eis'domini
558 1151 743 1222 Zanardus
760 1152 805 1222 de
825 1152 1037 1251 Liprandis,
1054 1153 1277 1226 Iohannotus

218 1271 264 1342 de
290 1271 451 1362 Cusano,
467 1269 682 1342 Antoniolus
701 1267 896 1363 Cominus,
914 1269 1084 1341 Mafiolus
1111 1272 1156 1344 de
1182 1271 1277 1342 Mar-

219 1387 337 1479 liano,
363 1389 556 1460 Vicencius
588 1388 633 1461 de
666 1385 826 1481 Comite,
859 1387 1038 1460 Arnoldus
1070 1389 1277 1487 Pasqualis,

220 1507 403 1604 Gasparus
415 1506 461 1577 de
474 1506 615 1598 Porris,
633 1505 851 1578 Iohannolus
869 1506 1078 1598 Serazonus,
1092 1507 1277 1580 Dionisius

218 1628 264 1699 de
281 1629 404 1728 Pegiis
416 1628 459 1700 'et
476 1625 656 1700 Iohannes
674 1628 719 1698 de
738 1625 930 1722 Cremona,
947 1654 1072 1701 omnes
1089 1630 1277 1702 duodecim

218 1746 314 1818 cives
339 1746 533 1818 Mediolani
558 1746 836 1843 provisionibus,
859 1748 1016 1845 negotiis
1042 1760 1080 1818 et
1104 1747 1279 1820 defensio·

217 1865 325 1936 nibus
351 1864 516 1934 comunis
541 1862 738 1935 Mediolani
763 1865 1006 1964 presidentes,
1032 1891 1102 1936 nee
1119 1890 1192 1937 non
1211 1893 1278 1939 no·

217 1983 309 2056 biles
343 1997 380 2054 et
407 1986 667 2084 ‘circumspecti
701 1986 768 2056 viri
799 1985 934 2056 domini
967 1984 1207 2059 Beltramolus
1233 1987 1279 2058 de

218 2101 396 2175 Ferrariis
422 2102 592 2195 sindicus,
615 2116 653 2174 et
679 2103 904 2175 Iohannolus
930 2104 976 2177 de
1003 2103 1208 2202 Capitaneis
1234 2107 1280 2176 de

219 2221 320 2294 Busti
339 2235 555 2322 procurator
566 2221 762 2294 Mediolani
777 2247 818 2293 ac
831 2222 1080 2294 locumtenens
1101 2223 1232 2295 nobilis
1245 2238 1286 2296 et·

222 2341 472 2439 circumspecti
488 2341 555 2411 viri
567 2339 706 2411 domini
725 2341 873 2439 Georgii
892 2340 938 2412 de
956 2341 1164 2432 Moresinis‚
1182 2345 1282 2413 simi-

222 2457 304 2529 liter
328 2459 491 2530 eiusdem
510 2461 672 2566 comunis
691 2459 830 2551 sindici,
848 2483 888 2530 ac
905 2457 1093 2530 familiaris
1112 2459 1281 2558 prelibati

221 2575 397 2674 magnifici
422 2592 458 2650 et
484 2576 775 2650 excellentissimi
801 2577 941 2649 domini
959 2576 1056 2647 dom.
1075 2577 1176 2648 ducis
1198 2581 1277 2650 Me-

220 2691 366 2785 diolani,
384 2720 451 2795 per
476 2693 655 2792 prefatum
682 2691 870 2767 dominum
896 2721 965 2794 pro
991 2693 1099 2766 certis
1126 2697 1280 2792 negotiis

218 2815 363 2884 secretis
401 2809 533 2912 prefati
571 2812 711 2884 domini
743 2815 942 2884 transmissi
968 2815 1005 2885 in
1030 2812 1210 2911 legatione
1236 2814 1281 2885 ad
1312 2821 1314 2826 '

219 2931 486 3000 serenissimum
524 2930 727 3030 principem
760 2947 796 3004 et
825 2932 1012 3003 dominum
1051 2932 1147 3003 dom.
1184 2931 1280 3003 Ven-

221 3043 378 3118 ceslaum
404 3046 472 3118 Dei
497 3049 612 3144 gratia
633 3047 878 3120 Romanorum
905 3075 1029 3148 regem
1055 3075 1195 3148 semper
1221 3075 1282 3121 au·

221 3175 365 3263 gustum
380 3188 423 3236 ac
442 3164 591 3237 Roemie
608 3191 749 3266 regem,
763 3179 801 3238 et
817 3178 1013 3267 propterea
1030 3190 1126 3238 nunc
1144 3169 1281 3267 agentis

220 3285 259 3356 in
284 3284 448 3381 partibus
477 3283 679 3356 Allamanie
704 3297 741 3356 et
765 3284 915 3356 Boemie
948 3285 1100 3386 aliisque
1132 3287 1282 3364 remotis.

220 3401 401 3502 partibus:
429 3401 699 3474 considerantes
726 3403 826 3501 quod
851 3415 985 3477 statuta
1011 3405 1175 3477 comunis
1201 3403 1280 3474 Me·

221 3519 355 3594 diolani
380 3520 521 3593 noviter
546 3521 592 3592 de
618 3521 791 3593 mandato
815 3521 986 3622 prelibati
1012 3522 1152 3596 domini
1177 3519 1281 3593 ducis
1371 3603 1383 3616 ⁴

221 3638 265 3709 ad
290 3640 539 3712 executionem
565 3639 751 3713 literarum
779 3637 1087 3741 infrascriptarum
1106 3651 1282 3730 correcta,

220 3757 295 3827 visa
326 3773 363 3830 et
396 3760 600 3830 examinata
631 3783 699 3858 pro
732 3760 887 3832 utilitate
921 3762 975 3832 rei
1003 3759 1149 3857 publice
1174 3757 1282 3829 huius

220 3876 314 3946 alme
340 3877 493 3950 civitatis
510 3877 719 3970 Mediolani,
738 3890 774 3950 et
792 3878 893 3950 iuxta
920 3892 1126 3977 temporum
1154 3901 1282 3948 occur-

221 3998 373 4066 rentiam
400 3995 595 4069 salubriter
615 4010 654 4068 et
677 4012 816 4070 mature
842 4007 1026 4087 correcta3
1053 3994 1283 4066 consideran·

223 4124 347 4212 tesque
387 4116 425 4186 in
466 4139 597 4187 vanum
631 4141 711 4188 esse
743 4115 840 4215 leges
871 4114 1052 4207 condere,
1084 4115 1153 4185 nisi
1182 4113 1281 4212 leges

221 4231 299 4328 ipse
312 4232 358 4302 ad
372 4232 492 4333 operis
505 4231 699 4306 efficatiam
713 4233 1013 4333 perducerentur3
1028 4244 1154 4306 tenore
1173 4231 1282 4328 igitur
