3386 5122
378 365 413 412 IV

377 463 603 556 instaurata,
635 456 833 562 'tamquam
874 471 1057 538 consueta
1091 459 1264 538 civilium
1301 485 1430 538 rerum

378 586 631 681 moderatrix,
658 609 751 663 aero
780 585 892 663 nobis
926 585 1106 688 propiore
1141 587 1294 662 tandem
1328 587 1431 662 radi-

378 712 476 789 citus
502 709 674 804 succisa,
702 735 799 813 quae
827 711 1155 789 inextricabilibus
1190 712 1430 804 decretorum

376 835 530 914 suffulta
568 815 732 912 surculis
771 837 809 912 in
846 836 930 946 dies
964 837 1317 932 succrescentibus,
1351 839 1429 915 liti-

377 964 526 1063 busque
546 961 774 1044 dirimendis
793 987 869 1039 non
888 962 1008 1038 semel
1025 961 1165 1063 inepta,
1183 962 1269 1064 plus
1289 964 1434 1041 incom-

378 1089 484 1167 modi
516 1113 629 1189 quam
664 1087 839 1164 utilitatis
874 1089 913 1164 in
941 1087 1193 1190 expediendis
1227 1089 1432 1190 agendisve

379 1213 543 1315 negotiis
563 1213 789 1314 plerumque
809 1213 1003 1292 afferebat.
1030 1213 1199 1308 Etenim,
1227 1222 1268 1289 ut
1292 1216 1339 1291 de
1356 1215 1434 1291 Sta-

380 1339 470 1414 tutis
497 1346 643 1415 tantum
678 1361 804 1444 sermo
836 1337 910 1414 hoc
937 1337 1021 1416 loco
1057 1337 1128 1429 sit,
1162 1337 1318 1415 saeculo
1347 1339 1437 1441 ipso·

379 1463 660 1559 tertiodecimo,
689 1463 768 1540 imo
786 1463 920 1565 paucis
940 1464 1086 1540 exactis
1114 1473 1202 1563 post
1222 1465 1436 1566 praedicta·

378 1616 464 1667 rum
498 1589 828 1667 Consuetudinum
865 1589 1132 1665 collectionem
1168 1590 1302 1685 anniS,
1338 1616 1433 1668 non-

379 1715 483 1792 nulla
502 1740 600 1793 nova
615 1713 831 1816 conscripta
850 1724 938 1791 sunt
950 1715 1049 1809 iura,
1064 1739 1203 1815 nempe
1220 1740 1251 1790 a.
1266 1740 1434 1794 mccxxrx

383 1851 420 1918 et
445 1865 660 1936 mccxxxur,
691 1838 898 1940 praecipue
933 1841 982 1915 ad
1011 1841 1325 1917 tumultuantium
1361 1869 1435 1920 no-

378 1973 555 2043 vatorum
583 1961 836 2066 arrogantiam
856 1967 1199 2067 compescendam,
1227 1968 1434 2068 prohiben-

380 2094 544 2194 damque
572 2092 716 2169 civium
744 2091 1032 2192 emigrationem
1057 2102 1160 2170 extra
1189 2093 1356 2170 civitatis
1374 2095 1434 2172 ius

381 2220 520 2295 autad
547 2217 791 2328 inimicorum
820 2218 926 2315 loca,
953 2217 1189 2320 reipublicae
1222 2219 1437 2319 praelectu-
1528 2307 1542 2334 ·

378 2367 460 2420 ram
494 2344 748 2423 Bonnccursio
782 2344 890 2421 Porta
927 2344 1113 2421 brixiensi
1149 2354 1186 2421 et
1217 2345 1381 2423 Oldrado
1414 2373 1435 2423 e

377 2463 549 2548 Trexeno
589 2470 764 2547 laudensi
798 2468 1009 2570 agentibus
1055 2471 1198 2548 Rursus
1243 2471 1284 2546 in
1323 2497 1431 2550 sacra

383 2597 424 2674 D.
443 2596 608 2673 Theclae
628 2595 836 2673 cathedrali
854 2598 950 2672 aede
967 2596 1099 2698 populi
1124 2597 1278 2674 comitia
1306 2607 1436 2678 coacta

363 2719 471 2810 'sunt
509 2747 606 2800 anno
649 2741 848 2820 uccxnrrr,
883 2747 970 2800 cum
1009 2723 1189 2800 lllartinus
1228 2724 1437 2801 Turrianus

375 2841 579 2950 ‘praeesset
611 2848 758 2927 civibus
795 2850 834 2926 in
865 2850 961 2927 urbe
992 2849 1159 2952 primum
1192 2851 1321 2928 locum
1353 2876 1437 2929 sor·

321 2985 322 2988 ‘
351 3033 355 3040 .
383 2974 493 3074 titus,
525 2996 570 3051 ac
596 2976 789 3077 sequenti,
825 2985 866 3052 ut
891 3001 1013 3054 novae
1048 2977 1299 3076 salubresque
1332 2977 1437 3078 leges

379 3091 604 3202 rogarentur
630 3103 985 3204 conderenturque,
1012 3103 1183 3180 Conrado
1210 3102 1437 3181 eConcesio

381 3227 488 3305 urbis
514 3235 712 3329 praetore,
746 3254 841 3330 quas
869 3229 976 3304 Bern.
1010 3227 1144 3304 Corius
1173 3253 1217 3306 ac
1243 3217 1437 3306 'tristanus

380 3353 541 3431 Calchus
558 3353 597 3430 in
615 3354 696 3432 suis
713 3354 888 3431 historiis
908 3333 948 3423 (ἃ)
967 3353 1190 3456 singulatim
1213 3363 1437 3452 recensent,

381 3479 595 3582 meritoque
640 3505 710 3582 pro
751 3489 966 3582 temporum
1001 3471 1166 3557 'illorum
1208 3469 1439 3560 necessitate

380 3605 558 3706 publicae
585 3608 642 3685 rei
668 3613 780 3708 atque
809 3606 976 3708 optimae
1009 3607 1296 3708 gubernationis
1323 3606 1437 3686 lulci-

381 3740 507 3809 menta
539 3735 739 3837 appellant.
773 3733 850 3810 Nec
878 3733 979 3810 circa
1007 3733 1110 3810 illius
1138 3734 1285 3810 saeculi
1321 3733 1439 3810 dimi·
1514 3815 1519 3823 ,

382 3857 488 3933 dium
515 3883 536 3933 a
563 3858 712 3962 legibus
739 3860 975 3962 adaugendis
995 3861 1050 3956 (t),
1078 3858 1192 3937 etiam
1219 3861 1267 3937 ad
1285 3883 1437 3938 morum

387 4052 426 4119 (a)
444 4052 549 4106 Histor.
567 4052 596 4105 dt
613 4053 674 4108 Mtt.
692 4053 728 4108 ad
745 4069 827 4121 ann.;
846 4055 914 4110 Hitt.
933 4057 1025 4122 Pate,
1042 4067 1103 4123 pag·
1123 4056 1181 4108 ³03.

388 4143 424 4212 tb)
442 4144 481 4198 Οἱ.
499 4143 612 4202 Corium
628 4147 656 4200 et
672 4145 756 4200 Trist
778 4146 908 4204 calchum
927 4148 961 4201 nd
980 4162 1041 4201 ann.
1061 4161 1165 4202 noctur
1183 4149 1211 4200 et
1228 4161 1288 4217 seq.
