3416 5054
1249 311 1295 384 87·

244 433 366 523 dictis,
393 431 486 509 infra
511 431 704 504 duodecim
731 430 807 514 dies
837 419 933 500 ultra
964 427 1150 526 predictos
1180 427 1298 500 facore

245 566 281 626 et
310 550 508 649 adimplere
541 550 772 651 supradicta,
803 548 1001 622 secundum
1032 545 1131 644 quod
1162 531 1298 618 dictum

186 685 189 692 '
245 681 300 742 est
323 691 432 770 supra
448 667 495 739 de
513 666 772 766 recipientibus
796 680 834 738 et
851 664 1065 738 habentibus
1083 665 1119 734 in
1136 664 1300 753 civitate,

229 801 281 860 et
306 785 373 858 sub
399 786 563 885 predicta
592 810 705 885 pena3
735 799 843 882 quam
872 809 1003 883 penam
1032 785 1191 854 incurrat
1223 785 1300 879 qui·

246 904 336 978 libet
361 904 604 1003 predictorum
632 905 711 1000 ipso
733 903 827 993 iure,
847 915 885 974 et
902 901 948 974 ad
965 924 1042 974 eam
1062 899 1302 1000 compellatur

245 1022 414 1094 omnibus
439 1023 526 1092 iuris
550 1019 719 1092 remediis
737 1023 814 1092 sinc
830 1021 949 1118 aliqua
966 1018 1300 1118 condempnatione.

296 1139 426 1213 CXIX.
455 1139 565 1238 Quod
586 1139 723 1210 domini
747 1163 814 1212 sex
837 1163 978 1212 camere
999 1141 1227 1236 nonpossint
1243 1141 1299 1210 in·

243 1263 369 1331 vestire
393 1262 468 1330 sine
488 1261 675 1357 presentia
697 1269 732 1327 et
752 1281 929 1328 consensu
944 1243 1129 1329 certorum
1147 1260 1301 1328 altorum

248 1375 460 1476 (fidolium.
1227 1475 1230 1484 ι

295 1491 403 1564 Nulla
428 1489 562 1562 locatio
588 1489 758 1588 nullaque
784 1487 1221 1582 conces'sio‚investitura
1245 1490 1303 1560 vel

247 1607 413 1682 alienatio
440 1608 590 1679 alicuius
617 1609 670 1680 rei
695 1607 889 1680 immobilis
917 1608 1080 1680 comunis
1107 1607 1304 1680 Mediolani

247 1722 327 1800 fieri
353 1709 470 1824 possit
493 1726 540 1798 de
566 1739 685 1798 cetero
711 1750 777 1824 per
803 1725 971 1797 dominos
993 1750 1055 1796 sex
1079 1726 1305 1825 presidentes

248 1843 449 1915 rationibus
467 1856 502 1913 et
519 1842 789 1922 defensionibus
816 1868 956 1916 camere
983 1844 1147 1914 comunis
1168 1843 1306 1915 Medio·

249 1959 322 2033 lani
360 1987 427 2033 nec
465 1987 592 2034 eorum
633 1959 807 2052 offitium,
834 1963 905 2034 ni-si
939 1959 1003 2034 fiat
1036 1961 1074 2035 in,
1104 1962 1305 2060 presentia,

248 2104 423 2182 consensu
449 2092 486 2150 et
511 2059 693 2152 ¹voluntate
719 2079 843 2149 vicarii
868 2079 1007 2150 domini
1033 2078 1230 2151 Mediolani
1246 2079 1309 2151 de··

248 2199 366 2298 putati
384 2195 506 2270 officio
526 2199 795 2298 provisionum,
813 2210 851 2268 et
867 2195 1098 2268 dominorum
1116 2197 1306 2270 duodecim

249 2315 523 2413 provisionum3
542 2329 580 2388 et
604 2318 635 2386 si
659 2313 752 2387 facta
776 2314 903 2406 fuerit,
923 2339 996 2386 non
1016 2313 1134 2388 valeat
1158 2340 1226 2388 nec
1253 2329 1305 2387 te·

250 2449 355 2526 neat,
380 2447 417 2506 et
443 2435 562 2506 inanis
589 2437 635 2505 sit
659 2438 697 2505 et
721 2460 790 2534 pro
815 2431 950 2506 infecta
975 2431 1161 2504 habeatur.

301 2549 414 2622 CXX.
441 2553 497 2624 De
518 2557 652 2626 salario
678 2549 971 2625 ambasiatoram.

301 2667 338 2740 Si
363 2695 429 2768 per
454 2669 643 2772 dominum
669 2668 866 2740 Mediolani
885 2669 942 2740 vel
961 2693 1028 2768 per
1056 2693 1210 2760 comune
1236 2669 1309 2742 Me-

251 2785 596 2886 diolanicontingat
629 2785 785 2884 aliquem
813 2787 909 2856 mitti
936 2787 1157 2886 inaliquain
1185 2785 1307 2858 amba-

251 2905 403 2994 siatam‚.
420 2900 553 2980 habeat
580 2917 617 2976 et
640 2901 771 2976 habere
796 2903 930 2974 debeat
953 2917 990 2973 et
1016 2903 1134 2980 eidem
1160 2902 1310 2976 satisfiat
1399 2902 1402 2906 ’

219 3083 222 3088 .
251 3019 296 3092 de
310 3041 428 3110 avere
444 3022 609 3091 comunis
627 3019 824 3091 Mediolani
846 3019 913 3089 sub
931 3015 1309 3121 forma'infrasc'ripta

249 3136 418 3212 videlicet
446 3151 519 3210 tam
536 3136 690 3228 siluerit
706 3137 807 3210 miles
824 3162 931 3234 quam
947 3137 1182 3236 iurisperitus,
1199 3163 1309 3235 qnam

250 3255 472 3352 quicumque
498 3256 603 3348 alter,
621 3257 683 3352 qui
708 3256 843 3326 missus
864 3253 973 3327 fuerit
998 3257 1034 3350 in
1060 3255 1308 3328 ambasciatam

252 3371 297 3444 ad
324 3373 510 3452 dominum
536 3365 669 3475 papam
686 3375 741 3445 vel
760 3372 806 3446 ad
831 3371 1014 3446 dominum
1042 3365 1310 3472 imperatorem,

250 3489 307 3560 vel
333 3489 381 3562 ad
406 3491 561 3590 aliquem
587 3517 709 3589 regem
734 3504 796 3565 aut
820 3491 978 3590 legatum
1010 3491 1158 3560 alicuius
1183 3489 1311 3589 predi-

253 3608 415 3700 ctorum,
433 3623 500 3707 pro
526 3609 688 3709 quolibet
714 3635 822 3710 equo,
849 3635 956 3707 quem
984 3608 1132 3680 sechum
1158 3605 1311 3700 duxerit,

251 3722 417 3798 videlicet
448 3728 477 3798 si
510 3725 619 3800 fuerit
645 3726 747 3800 miles
772 3726 830 3799 vel
856 3726 1098 3825 iurisperitus,
1124 3727 1312 3824 usquead

251 3865 365 3939 equos
378 3844 548 3940 quinque,
563 3844 593 3915 si
610 3869 697 3916 vero
714 3843 804 3916 alius
816 3834 932 3940 usque
948 3843 994 3918 ad
1011 3865 1124 3939 equos
1135 3825 1312 3940 quatuor,
1385 3864 1388 3869 ·

252 3958 383 4031 habeat
415 3960 559 4058 singulis
591 3955 733 4054 diebus,
766 3960 899 4061 quibus
932 3963 1068 4033 steterit
1093 3963 1130 4032 in
1161 3986 1204 4033 ea
1229 3985 1312 4032 am-

254 4074 430 4170 bassiata,
446 4077 563 4161 ,libras
590 4080 677 4156 duas
703 4091 740 4154 et
764 4077 885 4166 soldos
912 4079 1039 4151 decem
1065 4077 1311 4167 tertiolorum3
