3338 5042
1196 281 1284 353 l39'

215 402 253 469 e't
268 393 414 494 siugulis
437 395 552 496 possit
568 409 603 467 et
615 393 746 468 debeat
769 419 836 494 per
852 394 1036 468 dominum
1057 381 1273 496 potestatem

213 525 249 585 ct
273 512 349 586 cius
365 511 503 586 iudices
528 511 781 584 malefitiorum
805 536 847 584 ac
863 535 930 610 per
949 513 1118 586 vicarium
1136 506 1275 589 domini

214 629 409 703 Mediolani
433 644 471 704 et
490 657 558 732 per
574 629 771 729 quemlibet
787 655 931 723 eorum,
950 631 1013 728 qui
1030 646 1098 731 per
1111 645 1274 731 tempore

216 763 337 841 eruut,
371 775 418 824 ex
449 747 565 822 offitio
600 749 752 847 inquiri,
777 748 945 848 procedi,
971 751 1090 847 puniri
1122 763 1160 822 et
1187 775 1275 822 con-

215 869 400 967 dempnari
425 894 467 940 ac
485 869 579 968 exigi
604 881 642 940 ct
658 868 864 939 executioni
891 867 1056 939 mandari
1084 857 1276 940 summarie

215 1011 281 1086 per
306 987 447 1079 inditia,
474 999 700 1086 argumenta,
718 987 1008 1084 presumptioncs
1034 998 1071 1056 et
1096 975 1275 1060 examina-

145 1127 148 1132 ·
215 1105 330 1179 tiones
356 1105 512 1198 fiendas,
538 1121 649 1206 prout
673 1104 801 1176 melius
828 1101 1020 1176 videbitur.

267 1224 394 1298 CCIX.
422 1226 478 1298 De
503 1225 635 1296 eodem.

266 1343 303 1414 Si
319 1346 539 1442 contingerit
555 1343 655 1441 quod
673 1342 802 1440 aliquis
819 1357 1021 1416 carceratus
1038 1367 1105 1442 pro
1124 1344 1277 1440 pecunia

216 1462 461 1560 extorquenda
473 1459 531 1532 vel
546 1459 788 1533 subtrahenda
800 1459 857 1532 vel
871 1457 1035 1531 habenda
1048 1461 1125 1532 sine
1138 1459 1279 1558 spetiali

216 1579 358 1652 licentia
395 1579 543 1671 iudicis,
570 1579 671 1650 cuius
697 1589 868 1677 precepto
899 1575 1008 1652 fuerit
1040 1587 1186 1677 captus,
1212 1602 1277 1675 po-

217 1711 325 1771 natur
349 1698 406 1769 vel
432 1710 598 1770 teneatur
624 1698 661 1767 iu
687 1694 807 1795 aliqua
831 1708 937 1795 parte
963 1694 1107 1796 putrida
1127 1694 1184 1766 vel
1201 1719 1278 1794 gra·

215 1817 331 1908 viuri,
359 1841 468 1914 quarn
502 1814 562 1888 alii
590 1827 799 1915 ponuntur,
832 1813 898 1884 vel.
919 1809 989 1886 alio
1014 1811 1124 1884 modo
1155 1811 1277 1887 illicite

216 1935 358 2009 fortiter
388 1947 578 2035 agravetur
609 1934 747 2033 absque
779 1933 938 2024 licentia,
967 1945 1007 2004 ut
1047 1957 1176 2031 supra,
1216 1957 1276 2004 su-

216 2069 378 2154 perstans
405 2066 444 2124 et
470 2052 530 2126 ille
556 2055 619 2150 qui
646 2053 696 2122 sic
715 2054 936 2151 gravaverit,
962 2052 1081 2151 capite
1107 2051 1278 2148 puniatur

217 2187 401 2271 tamquam
435 2196 617 2244 carcerem
649 2173 818 2271 privatim
854 2194 1048 2263 exercens,
1081 2169 1137 2243 vel
1174 2169 1279 2242 aliter

218 2294 347 2363 minori
375 2316 469 2392 pena
496 2290 533 2361 in
559 2313 665 2362 avere
691 2289 745 2360 vel
771 2313 928 2386 persona
956 2287 1105 2360 arbitrio
1141 2287 1277 2359 domini

215 2412 424 2510 potestatis,
452 2412 615 2509 inspecta
641 2409 815 2508 qualitate
841 2407 937 2480 facti.
1183 2399 1185 2406 i

267 2528 375 2600 CCX.
397 2526 506 2625 Quod
521 2533 642 2600 nullus
659 2526 820 2628 azffirat
837 2531 1025 2626 caputium
1039 2552 1105 2598 nec
1120 2526 1278 2628 drapum
1389 2513 1393 2523 ¹

214 2653 329 2722 αἰίοιιί
353 2661 556 2720 carcerato.

265 2767 356 2840 Cum
374 2768 455 2865 quis
472 2766 539 2838 erit
556 2765 785 2862 consignatus
803 2765 986 2864 superstiti
1003 2764 1060 2834 vel
1074 2762 1136 2834 alii
1151 2787 1219 2860 pro
1234 2790 1278 2836 eo

166 2869 168 2877 ,
214 2899 339 2986 captus
355 2885 412 2958 vel
430 2887 663 2983 consignatus
681 2885 726 2956 ad
745 2907 919 2975 carceres,
933 2879 1052 2953 nullus
1067 2881 1198 2953 audeat
1211 2907 1278 2954 nec

214 3020 399 3105 presumat
424 3003 565 3077 auferre
591 3005 776 3104 capuzium
795 3025 862 3073 nec
878 3001 1033 3100 drapum
1052 3000 1185 3095 eidem,
1211 3026 1277 3074 nec

215 3123 260 3196 ab
277 3151 322 3198 eo
335 3123 457 3223 aliquo
473 3125 594 3216 tituto,
612 3147 719 3194 causa
737 3121 790 3192 vel
809 3120 947 3210 colore;
962 3131 998 3192 et
1012 3122 1042 3190 si
1057 3121 1138 3218 quis
1152 3133 1278 3193 contra

213 3241 349 3334 fecerit,
359 3241 642 3340 condempnetur
653 3242 689 3312 iu
703 3239 803 3312 libris
816 3239 943 3311 decem
956 3238 1100 3330 tertiol,
1112 3253 1148 3310 et
1162 3251 1279 3311 tenea-

215 3373 275 3436 tur
298 3373 336 3434 et
352 3360 590 3460 compellatur
613 3359 659 3432 do
677 3358 773 3430 facto
793 3360 830 3428 iu
851 3359 1051 3430 continenti
1076 3358 1277 3429 restituere

124 3543 128 3552 .
215 3480 270 3559 Ad
284 3505 355 3581 quc
370 3483 491 3553 omnia
508 3491 699 3552 teneantur
716 3479 925 3578 superstites
943 3489 980 3550 et
994 3501 1121 3549 eorum
1134 3474 1278 3548 fideius-

216 3623 334 3694 soreS,
357 3611 394 3671 et
410 3596 676 3698 compellantur
693 3598 738 3669 de
756 3595 850 3667 facto
868 3621 934 3694 per
951 3596 1121 3666 vicarium
1140 3594 1278 3667 domini

212 3717 405 3816 potestatis
430 3716 486 3790 vel
510 3718 681 3788 vicarium
712 3717 960 3815 provisionum
985 3712 1039 3786 vel
1066 3725 1275 3813 eugravato-

213 3840 328 3927 reml,
347 3834 415 3906 sub
432 3859 525 3933 pena
542 3833 718 3907 librarum
733 3834 1021 3934 vigintiquinque
1040 3831 1273 3905 tertiolorum

214 4027 233 4070 Δ
258 4018 452 4088 uxgravatoris
469 4018 590 4074 officium
603 4017 721 4074 instituit
737 4015 877 4096 tuchinus
892 4016 1070 4083 vicecomes,
1089 4016 1165 4089 quod
1176 4019 1269 4070 aucto·

290 4103 372 4159 ritate
389 4102 496 4174 pollens
513 4106 541 4158 et
558 4102 667 4174 optimis
694 4101 836 4158 beneficiis
858 4101 963 4158 clarum
986 4100 1058 4164 bene
1075 4099 1110 4155 de
1127 4098 1274 4170 republica.
