3338 5042
429 321 500 394 lli

426 439 615 538 potestatis
641 450 688 524 et.
704 435 809 524 iudex
834 415 1090 507 malelitiornrn
1114 447 1153 506 et
1178 429 1330 531 quilibet
1358 456 1497 504 eornm

428 568 617 654 teneantur
640 555 823 652 inquirere
839 567 876 625 et
891 555 1020 652 punire
1036 573 1080 623 ex
1097 551 1344 623 notificatione
1363 553 1497 623 cuius-

427 672 517 748 libet
542 673 615 746 hoc
638 673 707 744 sibi
732 671 930 746 referentis

476 785 599 866 CCIV.
626 791 681 864 De
695 793 869 892 pensione
893 811 1088 861 cumenae
1110 785 1318 878 sustinendo
1341 813 1412 890 per
1427 813 1497 860 su-

422 908 603 1006 parentes.

477 1027 700 1125 superstites
723 1026 902 1097 dictorum
929 1047 1115 1096 carcerum
1145 1019 1335 1096 teneantur
1360 1035 1398 1094 et
1422 1022 1493 1096 ‹le-

428 1147 538 1218 beant
562 1139 702 1217 solvere
717 1155 755 1215 et
770 1146 947 1214 sustinere
963 1147 1151 1242 pensiones
1173 1135 1492 1242 quorumcumque

428 1285 627 1355 carcerum,
640 1275 679 1334 et
693 1260 834 1336 solvero
850 1283 976 1332 omnes
991 1283 1171 1361 expensas,
1187 1255 1277 1358 quas
1295 1255 1490 1334 occasione

429 1380 594 1453 custodie
630 1382 792 1480 ipsorum
830 1403 1015 1451 carcerum
1040 1392 1079 1452 et
1103 1395 1370 1452 carceratorum
1409 1377 1490 1452 lieri

430 1501 658 1598 contingerit.

433 1647 437 1654 ·
481 1613 586 1688 CCV.
605 1615 662 1688 De
676 1620 965 1688 renuant-atione
981 1613 1161 1716 hospitum
1175 1635 1238 1686 seu
1258 1621 1490 1715 superstitum

428 1759 622 1810 carcerum
648 1759 722 1832 pro
754 1733 873 1806 bestiis
901 1731 1102 1826 alambens,
1127 1737 1332 1808 senenses
1364 1739 1429 1806 utel
1449 1740 1488 1807 in

334 1909 339 1922 .
430 1854 644 1952 depositum
663 1855 803 1951 posius.

339 2057 342 2064 Ι
482 1970 650 2069 Hospites
690 1993 753 2040 seu
791 1972 1000 2069 superstites
1038 1981 1197 2042 tenentes
1230 1991 1296 2069 per
1325 1981 1490 2066 tempora

294 2087 300 2102 '
431 2086 562 2160 bestias
588 2085 792 2177 derobetas,
812 2099 1030 2160 contestatus
1052 2086 1110 2159 vel
1126 2089 1164 2158 in
1184 2087 1392 2186 depositum
1416 2109 1486 2185 pu-

430 2206 520 2304 sitas
537 2205 672 2276 habere
695 2207 837 2305 possint
859 2219 896 2276 et
921 2208 1093 2305 consequi
1116 2219 1158 2276 ut
1175 2205 1267 2278 inlra
1289 2219 1327 2298 et
1343 2229 1418 2279 non
1434 2203 1490 2274 ul·

432 2335 496 2414 tra,
515 2323 582 2395 sub
607 2347 701 2420 pena
719 2321 902 2395 soldorum
928 2319 1055 2394 decem
1072 2324 1205 2395 tertiol.
1235 2347 1302 2422 pro
1328 2321 1490 2421 quolibet
1623 2392 1627 2399 .

433 2439 618 2540 inperiali,
644 2462 753 2538 quem
779 2435 860 2540 plns
886 2443 1104 2540 acceperint3
1126 2437 1290 2514 videlicet
1311 2466 1379 2540 pro
1402 2463 1489 2538 qua-

431 2557 522 2632 libet
538 2560 653 2631 bestia
669 2583 794 2658 grossa
810 2585 877 2658 pro
898 2559 1112 2653 stallaticho,
1125 2572 1271 2660 pastura
1288 2558 1372 2650 feni,
1389 2557 1489 2656 quod

431 2677 481 2748 ait
505 2661 550 2750 etl
575 2677 693 2748 miuus
719 2676 892 2750 librarum
921 2678 1046 2751 decem
1072 2677 1161 2772 leni,
1187 2690 1227 2750 et
1250 2703 1319 2777 pro
1345 2677 1488 2750 servitio

431 2807 470 2867 et
484 2792 716 2866 abeveratura
730 2794 893 2892 quolibet
908 2796 969 2868 die
986 2810 1024 2868 et
1040 2810 1146 2869 nocte
1162 2797 1269 2868 simul
1287 2793 1489 2894 imperiales

430 2901 658 3011 quindecim,
683 2924 721 2984 et
747 2915 778 2984 si
804 2911 914 2986 fuerit
944 2937 1079 3013 equus,
1104 2916 1229 3013 imper.
1256 2907 1488 3006 decemoct03

430 3041 470 3102 et
494 3031 592 3127 qnod
618 3055 692 3103 non
716 3029 850 3105 debent
864 3033 951 3105 dare
969 3057 1119 3131 granum
1142 3049 1207 3106 seu
1224 3035 1400 3106 rationare
1416 3055 1490 3104 nou

431 3148 572 3246 possint
589 3171 655 3248 pro
672 3149 774 3241 dato,
791 3152 859 3222 nisi
876 3152 1027 3250 petitum
1044 3148 1167 3242 fiterit3
1187 3162 1224 3223 et
1241 3173 1309 3250 pro
1330 3147 1491 3249 qualibet

431 3253 558 3338 bestia
574 3267 710 3338 mi11uta
735 3267 863 3368 imper.
884 3282 956 3342 tres
981 3281 1018 3342 et
1042 3295 1117 3342 non
1134 3268 1226 3342 ultra
1247 3268 1314 3347 sub
1330 3268 1491 3369 predicta

431 3401 545 3484 pena,
571 3395 610 3456 et
633 3388 913 3484 teneantur-ipsi
936 3386 1096 3486 hospites
1120 3409 1189 3486 pro
1212 3386 1275 3458 illo
1292 3376 1415 3488 pretio
1430 3407 1489 3458 eas

430 3501 582 3593 bestias,
610 3503 641 3573 si
667 3493 725 3575 eas
750 3495 915 3602 recipere
939 3505 1118 3578 voluerint
1142 3505 1187 3578 ad
1212 3505 1489 3604 hospitandum,

431 3617 524 3691 bene
550 3609 899 3717 pascere5'stabiare
927 3635 964 3694 et
979 3613 1122 3696 'servire
1147 3623 1221 3695 suis
1245 3623 1428 3724 expensis3
1453 3631 1504 3722 et

431 3757 499 3832 pro
531 3737 653 3836 aliquo
688 3761 801 3840 agno,
835 3740 949 3812 vitulo
984 3742 1041 3813 vel
1076 3767 1171 3840 equo
1201 3742 1247 3816 de
1277 3743 1372 3815 lacto
1402 3739 1489 3812 sitiit

432 3849 563 3932 doben
589 3859 681 3954 exigi
706 3880 774 3956 pro
799 3871 946 3957 pastura
974 3858 1041 3931 sub
1066 3860 1160 3978 dicta
1187 3885 1290 3961 pena.
1453 3877 1456 3882 '
