3416 5054
402 303 475 373 llll

395 442 616 517 pauperum,
638 415 791 518 eligatur
815 443 883 519 per
905 419 1090 492 dominum
1109 419 1328 512 Mediolani,
1353 412 1455 494 cuius'

395 536 542 608 ollitium
561 535 668 608 duret
685 562 899 636 perannum
918 563 1043 628 unum,
1062 552 1099 610 et
1116 535 1247 610 habeat
1263 563 1332 638 pro
1350 539 1455 612 feudo

338 697 343 708 ·
395 679 461 726 suo
489 653 599 725 libras
626 654 887 754 quinquaginta
914 653 1144 728 tertiolorum
1165 658 1401 750 omniann0,
1420 673 1457 732 et

393 775 456 871 qui
492 785 658 858 teneatur
692 786 729 844 et
763 770 894 845 debeat
929 774 1108 846 medicare
1146 775 1257 874 gratis
1295 775 1457 858 infirmos

392 890 626 991 hospitalium
653 892 806 962 civitatis
820 878 1019 963 Mediolani
1044 904 1081 963 et
1106 890 1363 1004 suburbiorum
1382 894 1456 966 Me·
1546 949 1548 952 -

393 1008 531 1082 diolani
556 1022 593 1080 et
619 1033 817 1080 carcerum.

435 1127 556 1198 CLII.
582 1127 638 1198 De
663 1131 742 1200 inre
766 1126 944 1198 reddendo
970 1132 1009 1198 in
1033 1125 1182 1200 broleto.

443 1245 607 1317 Potestas
633 1258 670 1317 et
695 1246 772 1317 eius
790 1244 926 1318 iudices
943 1259 980 1317 et
997 1271 1121 1319 omnes
1139 1246 1276 1318 iudices
1293 1252 1458 1322 comunis

392 1363 590 1436 Mediolani
598 1363 790 1436 reddentes
802 1365 858 1434 ius
872 1365 909 1434 in
925 1366 1072 1436 civitate
1085 1364 1289 1460 Mediolani,
1298 1371 1454 1467 exceptis

392 1483 536 1554 vicariis
555 1483 692 1554 domini
709 1495 746 1554 et
764 1484 842 1554 eius
861 1481 1037 1554 iudicibus
1056 1487 1093 1555 in
1111 1485 1210 1555 curia
1227 1509 1454 1558 commoran-

394 1599 508 1693 tibus,
534 1613 722 1674 teneantur
747 1615 785 1673 et
809 1600 965 1672 debeant
988 1601 1116 1674 sedere
1137 1605 1174 1674 iu
1195 1601 1336 1676 broleto
1361 1630 1454 1676 novo

380 1722 557 1791 comunis
575 1718 767 1792 Mediolani
784 1743 851 1818 pro
869 1721 947 1790 iure
965 1719 1163 1812 reddendo,
1181 1733 1218 1792 et
1235 1721 1285 1792 ibi
1301 1722 1454 1796 reddere

393 1839 449 1910 ius
475 1852 512 1910 et
538 1863 613 1909 non
639 1835 743 1928 alibi,
777 1835 845 1908 snb
878 1862 970 1938 pena
1008 1837 1155 1910 cuilibet
1188 1839 1456 1914 contraistienti

340 1955 342 1958 ’
393 1959 491 2028 omni
507 1959 585 2028 vice
598 1979 675 2053 ‘qua
692 1954 962 2046 contrafecerit,
980 1955 1153 2028 librarum
1170 1958 1457 2060 vigintiquinque

394 2075 628 2147 tertiolorum.
1300 2063 1304 2069 ἢ

345 2258 349 2268 ,
445 2191 572 2291 CLIII.
600 2191 709 2289 Quod
732 2197 852 2264 minor·
876 2197 1126 2290 annisviginti
1151 2220 1225 2267 non
1246 2202 1363 2296 possit
1377 2218 1455 2268 esse

391 2308 547 2412 qffitiulis
573 2315 735 2383 comunis
761 2309 968 2384 Mediolani.

442 2426 570 2501 Nullus
604 2431 724 2500 minor
759 2431 859 2502 annis
895 2431 1017 2530 viginti
1054 2432 1167 2529 possit
1191 2456 1271 2504 esse
1296 2431 1454 2504 offitialis

392 2550 554 2619 comunis
580 2546 790 2619 Mediolani.

442 2664 569 2737 CLIV.
604 2664 660 2737 De
684 2672 974 2739 remuneratione
998 2665 1200 2768 ‹fftinlinm
1230 2684 1263 2741 et
1294 2675 1452 2742 notario-

391 2809 496 2878 rnm,
513 2791 577 2888 qni
594 2785 736 2857 uadunt
754 2790 791 2857 in
807 2790 979 2858 comitatu
990 2811 1063 2887 pro
1081 2793 1228 2859 comuni
1245 2787 1453 2862 Mediolani.

442 2901 607 2995 Quilibet
632 2901 792 2978 offitialis
816 2904 871 2976 vel
898 2906 1079 2996 notarius,
1106 2904 1193 2978 dum
1219 2931 1292 2978 non
1314 2907 1457 2991 sitser-

392 3022 503 3113 ritor,
522 3010 641 3093 eu'ndo
658 3045 724 3120 per
741 3023 951 3094 comitatum
973 3022 1169 3125 Mediolani
1194 3035 1364 3123 equester
1381 3027 1458 3099 sive

393 3137 554 3231 scutifer,
580 3137 714 3212 habeat
739 3154 877 3214 tantum
895 3144 932 3212 in
951 3139 1009 3214 die
1027 3140 1161 3214 solidos
1186 3144 1312 3242 viginti
1335 3147 1457 3221 tertio

392 3259 511 3330 lorum
537 3282 605 3356 pro
628 3259 704 3328 suis
722 3260 888 3358 expensis
907 3258 1133 3340 etsalarium
1151 3283 1221 3357 pro
1245 3286 1317 3332 uno
1342 3285 1455 3361 equo,

392 3379 476 3447 etsi
498 3373 708 3448 scutiferum
727 3376 890 3470 duxerit,
909 3378 1044 3450 habeat
1070 3376 1192 3449 soldos
1215 3381 1363 3480 triginta
1387 3393 1457 3454 ter-

393 3495 563 3567 tiolorum
590 3509 626 3567 et
652 3520 725 3568 non
750 3495 860 3587 ultra,
878 3509 1086 3597 computata
1103 3495 1268 3568 mercede
1295 3523 1358 3570 sua
1386 3524 1456 3570 una

393 3611 486 3683 diet
512 3639 593 3685 cum
620 3613 744 3686 altera.

468 3809 553 3850 neum
570 3796 738 3852 Flammam:
765 3820 778 3846 u
797 3799 870 3853 Artis
896 3798 1035 3854 medicine
1057 3799 1227 3869 professores
1244 3803 1272 3853 et
1290 3799 1448 3872 philosophi

471 3900 483 3927 »ι
503 3879 650 3950 nomlnati,
667 3883 832 3951 computatis
843 3883 969 3954 cyruicis,
981 3887 1044 3938 sunt
1061 3882 1156 3953 plures
1173 3897 1270 3950 ccxxx,
1288 3887 1361 3942 tuter
1377 3899 1449 3958 quos

469 3986 481 4011 n
502 3968 567 4019 suat
582 3965 676 4036 plures
693 3967 814 4023 salariati
831 3983 882 4038 per
898 3969 1138 4037 communitatem,
1153 3969 1201 4040 qui
1219 3970 1302 4038 gratis
1319 3973 1451 4024 tenentur

469 4072 483 4098 ν
502 4065 638 4121 pauperes
653 4051 779 4107 infirmos
796 4053 937 4108 medicare
956 4076 968 4104 u
987 4054 1102 4123 (chron.
1120 4057 1242 4123 tetrae,
1260 4071 1286 4110 n.
1304 4053 1359 4128 88).

393 4144 412 4187 Δ
438 4157 449 4184 a
470 4134 532 4192 viee
553 4157 565 4184 »
584 4135 665 4204 (cod.
682 4138 839 4208 praedict).
