3386 5122
1256 453 1302 521 lli

251 557 504 660 prehendatur,
529 562 629 661 quod
654 587 724 633 non
746 575 927 660 prestetur
953 563 1157 654 satisdatm,
1176 563 1219 636 de
1236 591 1306 661 qua

251 677 291 748 sit
316 683 452 752 mentio
478 683 514 751 in
533 681 735 752 authentica
745 685 978 776 generaliter,
997 681 1087 751 etin
1105 678 1305 754 authentica

249 798 419 890 libellum,
432 812 469 872 et
486 801 522 870 in
540 812 704 896 tempore
717 797 771 890 (l)
785 796 1089 889 authenticorum,
1098 798 1196 870 unde
1210 799 1306 872 dicte

248 918 453 989 authentice
478 929 717 986 assumuntur.
939 918 943 931 ”

297 1035 389 1108 Item
414 1037 451 1105 in
477 1033 726 1134 questionibus
760 1033 1019 1108 criminalibus»
1040 1036 1156 1132 possit
1189 1050 1307 1108 conte·
1333 1113 1334 1118 ,

248 1156 335 1224 stari
360 1153 404 1225 lis
428 1155 534 1224 etiam
561 1165 664 1251 parte
691 1152 842 1227 absente
868 1169 906 1226 et
930 1177 1004 1224 non
1021 1155 1151 1244 citata,
1170 1137 1207 1225 et
1224 1139 1307 1225 ferri

248 1272 366 1368 possit
390 1271 563 1342 sententia
589 1271 696 1340 etiam
722 1284 827 1370 parte
849 1269 996 1345 absente
1022 1282 1059 1342 et
1084 1295 1157 1340 non
1182 1273 1313 1363 citata,

249 1390 336 1461 dum
360 1388 497 1461 feratur
522 1389 559 1460 in
586 1389 730 1487 publica
747 1389 933 1480 concione,
947 1401 986 1458 et
1004 1386 1049 1458 ad
1072 1385 1230 1462 favorem
1248 1387 1308 1458 ab

232 1507 501 1579 vsolvendorum
525 1521 713 1579 serventur
737 1505 1016 1579 consuetudines
1033 1527 1097 1577 seu
1115 1505 1308 1579 observan-

240 1627 317 1716 tie,
335 1625 420 1698 licet
446 1651 520 1696 non
546 1625 676 1694 sintin
695 1626 840 1724 scriptis
859 1627 896 1696 in
913 1625 983 1694 hoc
999 1625 1077 1695 iure
1102 1623 1308 1723 municipali

247 1746 409 1836 re'dacte,
435 1749 547 1841 prout
571 1745 747 1816 hactenus
773 1741 923 1814 fuerunt
949 1741 1150 1814 observate.

298 1861 399 1935 Idem
426 1860 467 1931 sit
492 1863 529 1931 in
564 1859 809 1958 questionibus
844 1861 1025 1933 datiorum
1065 1859 1110 1931 ad
1148 1857 1305 1933 favorem

248 1979 559 2052 absolvendorum.

297 2097 363 2169 xl.
392 2096 560 2194 Qualiter
586 2102 761 2196 rescripta
787 2097 1041 2169 dominationis
1066 2096 1219 2169 debeant
1243 2097 1304 2169 ob·
1357 2163 1364 2178 ,

248 2220 399 2288 servari.
565 2311 569 2317 .

297 2333 486 2433 Rescripta
504 2334 762 2405 dominationis
782 2334 978 2406 Mediolani
1005 2332 1255 2427 observentur,
1276 2338 1307 2406 si

133 2444 139 2455 ’
246 2475 373 2549 preces
399 2453 548 2524 veritate
574 2455 759 2544 nituntur,
778 2464 819 2522 ut
841 2452 916 2522 iura
942 2456 1114 2525 canonica
1133 2468 1170 2524 et
1190 2452 1305 2524 civilia

246 2571 292 2642 de
318 2572 503 2670 rescriptis
530 2570 732 2662 declarant,
758 2595 826 2642 nec
852 2569 982 2667 aliquis
1012 2581 1202 2671 propterea
1229 2595 1306 2667 gra-

156 2711 161 2717 ·
247 2700 353 2758 vetur
379 2713 491 2761 exeo
522 2687 621 2790 quod
647 2689 765 2788 eleget
789 2686 845 2760 vel
870 2703 1043 2787 opponat,
1062 2703 1123 2760 aut
1151 2687 1305 2788 probare

247 2808 342 2897 velit,
361 2807 461 2904 quod
481 2807 543 2878 tali
562 2810 714 2898 ratione,
731 2805 919 2906 scilicet-si
935 2831 1061 2906 preces
1079 2806 1141 2878 tali
1159 2808 1306 2879 veritate

245 2949 318 2995 non
343 2927 522 3017 nitantur,
549 2950 672 2997 carere
698 2925 832 2998 debeat
858 2927 1069 3024 impetratis.
1220 2920 1224 2932 ’

295 3042 376 3114 XII.
408 3045 461 3114 De
477 3047 649 3115 electione
673 3043 906 3114 dominorum
920 3043 1108 3115 duodecim
1126 3057 1162 3116 et
1178 3069 1311 3116 eorum·

194 3151 196 3155 ¹
245 3159 377 3264 efficio.

103 3285 110 3302 '
294 3280 365 3352 Per
391 3279 579 3352 dominum
605 3275 801 3351 Mediolani
827 3277 1004 3388 eligantur
1033 3279 1224 3352 duodecim
1252 3305 1304 3350 sa-

245 3398 384 3495 pientes
411 3395 692 3469 demelioribus
719 3411 754 3468 et
779 3396 1006 3469 idonioribus
1032 3411 1069 3470 et
1094 3398 1304 3496 prudentio-

243 3512 342 3586 ribus
369 3517 521 3588 civitatis
543 3513 759 3607 Mediolani,
777 3529 885 3613 prout
909 3517 980 3614 ipsi
1007 3514 1154 3587 domino
1177 3515 1303 3585 melius

244 3632 441 3726 videbitur-³,
459 3636 522 3731 qui
537 3636 678 3732 presint
694 3633 962 3734 provisionibus
981 3647 1016 3704 et
1033 3633 1302 3706 defensionibus

245 3754 407 3822 comunis
433 3751 646 3844 Mediolani,
664 3753 760 3824 iuter
778 3777 868 3852 quos
887 3754 957 3824 sint
976 3752 1050 3822 duo
1076 3751 1122 3824 de
1149 3751 1301 3852 collegio

244 3867 403 3940 iudicum
435 3869 644 3963 Mediolani,
670 3884 707 3942 et
739 3871 846 3943 duret
883 3894 1008 3942 eorum
1048 3869 1201 3942 offitium
1235 3897 1302 3970 per

244 4010 385 4058 menses
410 3987 518 4080 duos3
545 3991 608 4087 qui
634 3989 825 4062 duodecim
851 3984 1006 4060 habeant
1031 3988 1175 4088 plenam
1201 4006 1301 4088 pote-

244 4113 374 4176 statem
393 4117 430 4176 et
450 4093 599 4178 liberam
625 4103 831 4177 facultatem
850 4118 886 4177 et
906 4105 1055 4203 bayliam
1073 4105 1299 4212 prouidendi,

244 4219 436 4314 statuendi,
462 4223 673 4317 ordinandi,
700 4222 946 4314 diminuendi,
973 4222 1136 4327 mutandi
1170 4238 1206 4298 et
1240 4223 1300 4294 ad·
