3386 5122
428 408 651 506 presentium
667 419 703 478 et
721 409 819 481 omni
839 408 968 499 modo,¹
979 411 1069 500 iure,
1085 399 1142 484 via
1160 425 1196 482 et
1210 410 1341 506 sonna,
1358 417 1488 514 quibus

429 525 556 608 melius
587 539 787 624 potuerunt
809 541 847 598 et
871 540 1041 624 possunt,
1067 529 1174 602 etiam
1200 553 1283 606 curn
1313 533 1488 612 delibera.

430 645 530 716 tione
556 656 592 716 ot
616 642 846 741 beneplacito
872 644 1067 722 multorum
1083 647 1310 724 notabilium·
1330 654 1488 728 virorum
1589 711 1592 722 .

428 763 466 844 in
479 761 613 835 talibus
626 773 869 860 expertorum,
881 763 927 834 ad
939 763 1076 841 bonum
1090 777 1128 838 et
1142 764 1336 863 pacificum
1352 782 1488 846 statum

426 881 539 958 totius
558 881 712 952 civitatis
729 893 766 951 ot
785 882 1249 958 universitatis-Mediolani
1269 884 1404 960 adhoc
1423 913 1489 988 per

426 1022 489 1070 eos
513 1009 813 1087 convocatorum,
836 997 1111 1076 declaraverunt
1136 1014 1173 1074 et
1198 1001 1384 1078 declarant
1410 1006 1487 1104 ipsa

427 1129 560 1188 statuta
577 1128 613 1188 et
629 1116 750 1188 omnia
767 1128 804 1188 et
820 1116 962 1213 singula
980 1119 1086 1193 ineis
1103 1131 1274 1194 contenta
1295 1147 1340 1194 eo
1358 1123 1485 1216 modo,

427 1257 500 1331 quo
527 1245 688 1306 correcta
713 1235 871 1304 existunt
895 1247 934 1306 et
959 1235 1149 1327 ordinata,
1174 1262 1255 1308 esse
1268 1238 1485 1336 publicanda

427 1364 464 1424 et
488 1351 665 1450 publicari
691 1349 826 1424 debere
854 1377 923 1450 per
948 1353 1095 1430 modum
1122 1367 1158 1432 :et
1183 1353 1354 1449 formam,
1385 1358 1485 1455 quod

426 1471 478 1541 eis
505 1469 672 1541 omuibus
705 1471 848 1542 statutis
873 1483 910 1540 ot
937 1470 1084 1544 cuilibet
1109 1495 1236 1548 eorum
1261 1498 1282 1544 a
1306 1471 1484 1548 ltallendis

424 1588 559 1692 mensis
584 1589 705 1660 martii
730 1589 896 1686 proxime
921 1587 1051 1662 futuris
1077 1591 1114 1662 iu
1138 1603 1244 1664 antea
1266 1590 1484 1689 ubicumque

425 1706 624 1778 iniudicio
655 1719 692 1780 et
725 1718 826 1778 extra
858 1705 946 1778 fides
972 1706 1083 1807 plena
1115 1706 1329 1788 adhibeatur
1355 1723 1393 1782 ct
1417 1735 1483 1808 pro

423 1821 502 1920 lege
514 1823 726 1921 municipali
738 1823 994 1896 inviolabiliter
1006 1827 1255 1918 observentur,
1269 1827 1483 1919 habeantur,

424 1953 648 2038 reputentur,
667 1952 705 2012 et
728 1953 839 2040 prout
856 1943 894 2012 in
913 1934 1151 2040 infrascriptis
1169 1943 1298 2014 litteris
1316 1945 1485 2041 prelibati

424 2060 561 2131 domini
587 2060 760 2136 seriosius
787 2059 1001 2135 continetur.
1038 2059 1200 2148 Quarum
1226 2059 1374 2157 quidem
1400 2062 1482 2139 lite-

421 2201 545 2250 rarum
573 2188 678 2248 tenor
705 2179 756 2248 sic
783 2179 963 2274 sequitur:
998 2201 1001 2208 ’
1303 2263 1304 2266 ¹
1422 2245 1425 2252 .

475 2295 556 2366 Dux
571 2294 767 2370 Mediolani
781 2308 850 2368 etc.
864 2319 987 2377 comes,
1002 2297 1198 2370 Virtutum,
1213 2296 1355 2370 Statuta
1365 2300 1484 2375 nostri

380 2447 383 2451 ·
425 2419 589 2488 comunis
606 2415 823 2507 Mediolani,
841 2441 912 2513 que
930 2418 1145 2509 exa-minari,
1161 2416 1277 2489 videri
1295 2429 1332 2490 ot
1349 2419 1483 2520 corrigi

422 2533 591 2626 fecimus,
617 2546 729 2632 prout
763 2559 832 2632 pro
866 2535 1010 2609 comuni
1036 2534 1134 2606 bono
1169 2534 1358 2620 bominum
1385 2535 1482 2610 dicte

423 2665 549 2727 nostre
566 2653 720 2724 civitatis
738 2653 888 2749 eiusque
905 2655 1114 2726 comittatus
1129 2654 1363 2751 cognovimus
1375 2678 1483 2753 expe*

350 2783 354 2791 ’
421 2769 515 2863 dire,
536 2770 640 2842 vobis
660 2772 902 2862 remittentes,
922 2795 1036 2858 anexa
1062 2783 1197 2856 statuta
1219 2773 1300 2868 ipsa
1326 2773 1379 2848 sic
1406 2795 1483 2844 eor-

419 2903 521 2962 recta
555 2889 780 2988 presentium
814 2888 925 2962 serrie
956 2889 1164 2982 laudamus,
1194 2888 1415 2987 aprobamus
1449 2903 1483 2960 et

423 3005 690 3099 confirmamus,
714 3005 976 3105 observarique
992 3007 1156 3080 iubemus
1183 3019 1222 3078 et
1245 3005 1410 3080 volumus
1436 3006 1483 3090 ad

419 3125 582 3224 literam.
602 3127 697 3197 sicut
729 3129 868 3217 iacent,
894 3127 1046 3200 retentis
1072 3124 1329 3198 nichilominus
1361 3135 1483 3198 tamon

423 3242 591 3336 arbitrie,
610 3254 787 3342 potestate
813 3255 851 3316 et
876 3243 984 3314 bailia
1004 3241 1234 3342 corrigendi,
1251 3241 1481 3336 emendandi,

420 3361 586 3446 mutandi
611 3374 646 3434 et
670 3362 936 3460 interpretandi
963 3361 1090 3436 eadem
1111 3371 1267 3454 statute,
1293 3363 1418 3459 eisque
1446 3374 1483 3433 et

402 3484 553 3580 'cuique
576 3505 701 3554 eorum
727 3478 882 3554 addendi
909 3494 956 3553 et·
972 3478 1212 3571 diminuendi,
1237 3491 1350 3576 prout
1374 3478 1481 3553 nobis

422 3598 604 3672 videbitur
620 3613 657 3672 et
676 3597 851 3700 placebit,
879 3597 1096 3696 aprobantes
1120 3598 1273 3668 ulterius
1288 3611 1327 3671 et
1344 3596 1390 3668 de
1410 3621 1480 3668 no-

420 3729 495 3788 stre
520 3719 711 3816 potestatis
737 3713 962 3818 plenitudine
989 3713 1289 3788 confirmantibus
1315 3741 1359 3787 ex
1386 3738 1481 3786 nunc

421 3846 530 3932 prout
548 3848 692 3908 extunc
711 3860 857 3908 omnem
874 3833 1158 3934 publicationem
1176 3834 1223 3906 de
1239 3836 1290 3908 eis
1309 3831 1481 3922 fiendam,

421 3951 528 4026 sicuti
554 3965 590 4024 et
616 3953 921 4049 quemadmodum
946 3977 1025 4024 cam
1051 3951 1230 4035 duxeritis
1258 3949 1481 4040 faciendam,

416 4095 497 4142 -non
522 4069 742 4142 intendimus
769 4086 891 4144 tamen
917 4071 1018 4169 qnod
1043 4072 1220 4169 perhanc
1242 4067 1482 4145 confirmatio-
