3338 5042
1196 318 1268 396 tsi

257 435 378 509 CCVI.
413 431 469 508 De
494 461 617 536 penna
643 443 870 536 superstitum
899 461 1107 532 turcerum,
1134 444 1165 513 si
1196 461 1269 514 uon
1328 473 1332 486 ·

206 543 388 632 tenuerint
404 581 570 630 carceres
588 571 690 636 netas
704 585 729 638 u
735 557 927 658 putredine
945 547 1150 659 etforut'tur
1163 567 1269 661 putee

208 691 273 750 aut
297 679 406 748 lestis.
572 658 587 680 l

258 794 352 882 Quia
377 793 500 894 plures
526 807 562 866 et
587 793 710 894 plures
736 823 756 868 a
782 821 899 902 pauco
926 798 1089 898 tempore
1116 801 1207 870 citra
1234 798 1271 869 in

202 913 407 985 carceribus
425 925 575 1014 propter
594 915 798 1010 gravamina
825 917 1059 1012 superstitum
1084 937 1270 988 carcerum

204 1033 405 1132 perierunt,
432 1031 488 1103 vel
514 1031 627 1130 pedes
653 1031 894 1131 perdiderunt
918 1047 1080 1133 propter
1096 1025 1206 1132 frigus
1231 1025 1270 1106 et

206 1151 428 1248 gravamina,
446 1151 612 1220 statuitur
635 1149 734 1247 quod
751 1152 961 1251 superstites
979 1171 1180 1243 carcerum,
1205 1153 1269 1252 qui

207 1278 293 1338 sunt
319 1279 356 1337 et
379 1293 444 1366 pro
463 1265 686 1366 temporibus
703 1278 831 1359 erunt,
850 1280 1039 1340 teneantur
1059 1281 1097 1340 et
1112 1259 1271 1342 delectit

200 1389 276 1457 suis
311 1387 477 1486 expensis
511 1385 644 1465 hebere
679 1387 717 1456 in
751 1388 841 1486 ipsis
875 1383 1078 1459 carceribus
1108 1401 1147 1460 et
1183 1379 1269 1463 dure

203 1501 372 1576 omnibus
398 1506 610 1596 carceratis,
628 1502 848 1602 ubicumque
866 1504 1110 1598 detineantur,
1131 1509 1207 1582 sive
1223 1501 1269 1580 ad
1292 1575 1294 1580 .

200 1607 362 1694 carceres
379 1624 564 1714 comunis,
582 1623 655 1698 sive
674 1623 712 1691 in
731 1621 900 1723 pallatio,
918 1624 991 1694 sive
1010 1617 1268 1707 in'caroerilms

199 1734 274 1810 aliis
299 1739 438 1812 domini
462 1737 520 1810 vel
546 1739 708 1810 comunis
735 1738 948 1832 Mediolani,
966 1741 1041 1812 sive
1068 1755 1168 1814 extre
1186 1744 1269 1814 ciui-

204 1868 314 1929 tatem
347 1857 402 1928 vel
435 1855 541 1949 alibi,
568 1857 687 1958 paleas
722 1871 785 1930 aut
810 1857 922 1930 lectos
948 1879 1018 1959 pro
1048 1845 1197 1932 iacendo
1222 1863 1268 1940 ad

204 1972 472 2066 sufficientiam,
498 1990 534 2047 et
566 1989 755 2048 teneantur
787 1989 824 2048 et
849 1967 1004 2048 debeant
1036 1988 1161 2051 tenere
1193 1983 1267 2052 suis

203 2095 368 2191 expensis
394 2117 555 2166 carceres
581 2106 681 2165 netas
700 2121 721 2166 a
738 2093 945 2194 putredine,
964 2107 1075 2193 prout
1091 2098 1158 2171 erit
1176 2097 1265 2170 con·⁴
1306 2131 1308 2137 ⁸
1415 2109 1417 2112 ’

203 2212 366 2303 ueniens,
391 2205 459 2283 sub
482 2237 577 2312 pena
602 2213 638 2282 in
665 2211 826 2310 quolibet
852 2235 936 2284 cusu
958 2211 1131 2287 librarum
1148 2218 1266 2314 vigin-

205 2329 394 2426 tiquinque
421 2329 551 2402 tertiol.
584 2329 744 2428 qualibet
768 2333 862 2422 vice3
889 2330 996 2405 etde
1032 2333 1203 2431 predictis
1230 2349 1268 2406 et

202 2437 368 2544 quolibet
386 2473 512 2520 eorum
531 2459 647 2520 stetur
664 2463 892 2520 sacramente
908 2449 1065 2520 duorum
1081 2451 1137 2522 rel
1156 2453 1266 2526 trium

201 2589 245 2636 en
271 2568 477 2659 carceratis,
495 2567 628 2664 adque
649 2565 768 2638 omnia
787 2579 823 2639 et
841 2567 982 2665 singula,
1003 2568 1267 2668 compellantur

202 2705 271 2783 per
296 2666 466 2755 vicarium
501 2679 639 2756 domini
670 2686 859 2785 potestatis
884 2683 1067 2785 suh'pena
1093 2685 1266 2761 librarum

201 2801 754 2902 vigintiquinque·tertiolorum.
1308 2872 1310 2876 .

253 2917 396 2991 CCVII.
440 2917 549 3016 Quod
578 2934 740 3020 potestas
774 2938 810 2993 et
843 2922 1007 2995 domitius
1041 2939 1265 3020 urgueretur

201 3029 393 3128 teneantur
424 3044 524 3112 omni
556 3038 752 3112 ebdomada
790 3044 931 3114 mittere
965 3035 1015 3114 ad
1046 3043 1265 3116 visitandum

201 3171 412 3232 carceratos
444 3173 480 3230 et
508 3163 732 3256 gravamina*
751 3181 820 3259 que
842 3155 953 3256 fiunt
983 3166 1195 3254 carceratis,
1229 3179 1265 3234 et

201 3301 314 3377 super
338 3281 389 3350 eis
408 3278 620 3378 procedere.
650 3329 652 3338 =

251 3397 415 3469 Potestas
432 3393 639 3490 Mediolani,
658 3401 720 3496 qui
738 3421 803 3496 per
817 3411 985 3500 tempora
1001 3401 1083 3490 orit,
1103 3396 1264 3478 teneumr

203 3527 240 3585 et
265 3512 395 3590 debeat
412 3519 511 3588 omni
528 3517 730 3590 ebdomada
754 3519 899 3590 mittere
923 3542 1095 3588 unacum
1121 3515 1261 3589 duobus

202 3655 246 3702 ex
273 3629 427 3706 dominis
454 3661 514 3708 sex
543 3659 682 3710 camere
709 3633 753 3708 ad
778 3623 1033 3738 inquirendum
1060 3649 1097 3707 et
1125 3635 1262 3728 descri-

201 3749 361 3826 bendum
389 3752 489 3846 illos,
515 3757 579 3854 qui
611 3768 739 3856 sponte
771 3755 899 3830 volunt
925 3767 1021 3830 stare
1045 3749 1091 3838 ud
1117 3768 1260 3854 pastos,

200 3881 237 3940 et
262 3893 370 3969 super
409 3873 459 3943 eis
497 3874 694 3977 procedere
703 3929 713 3964 ,
739 3875 866 3978 punire
898 3886 935 3946 et
971 3873 1255 3973 condempnare,

201 3987 361 4086 inspecta
388 3989 559 4086 qualitate
590 3991 687 4081 facti,
723 3991 790 4064 sub
823 4018 917 4094 pena
949 3990 1123 4072 librarum
1151 3993 1260 4092 vigin-

201 4107 389 4208 tiquinque
416 4110 550 4184 tertiol.
577 4109 848 4212 qualibetvice3
868 4112 1004 4212 adque
1027 4111 1260 4184 describenda

1182 4263 1216 4310 ro
