3468 5178
407 302 454 378 20
1094 367 1097 372 ,
1380 325 1390 360 ι

405 415 537 494 ellectu
573 441 650 488 ruco
681 437 805 514 posse,
833 409 932 510 quod
959 413 1076 490 dictus
1109 411 1288 492 domiuus.
1304 425 1466 511 potestas

404 548 441 608 et
465 533 618 632 quilibet
651 532 741 604 alius
772 530 919 608 ateudet
945 543 983 601 et
1008 527 1215 608 observabit
1240 555 1303 623 ea,
1330 543 1368 602 et
1393 555 1466 602 uon

401 653 527 747 latiam
553 676 621 723 nec
643 649 727 722 'fieri
739 645 877 722 ‘sariam
896 647 1045 745 aliquod
1068 647 1233 720 achatum
1250 647 1307 722 vel
1325 648 1466 720 lucrum

399 774 455 874 in
470 770 586 843 offitio
612 794 693 842 meo
718 766 776 839 vel
802 767 992 842 occasione
1010 764 1117 838 offitii
1135 769 1205 838 mei
1221 765 1340 866 aliqua
1363 792 1468 840 occa·

404 893 511 984 xione
537 889 593 961 vel
620 887 747 978 modo,
765 898 918 984 excepto
937 884 1077 956 sallario
1097 887 1187 957 mihi
1205 890 1383 985 promisso
1400 911 1467 986 per

405 1021 640 1108 potestatem3
662 1020 700 1080 et
725 1005 824 1101 quod
850 1002 1008 1076 fideliter
1033 1003 1077 1076 ad
1104 1001 1278 1077 honorem
1304 1006 1468 1096 comunis

404 1125 607 1213 Mediolani
639 1122 815 1196 exercebo
846 1136 884 1195 et
914 1123 1120 1221 procurabo
1150 1147 1214 1214 ea,
1250 1150 1321 1220 que
1356 1123 1464 1194 michi

404 1241 539 1336 fuerint
557 1244 724 1334 comissa,
741 1254 778 1313 et
791 1241 892 1339 quod
910 1242 1050 1312 veniam
1069 1253 1107 1311 et
1124 1241 1228 1316 stabo
1246 1241 1290 1318 ad
1309 1237 1465 1334 offitium

405 1386 527 1454 meum
554 1358 805 1458 explicandum
836 1357 955 1431 bisin
981 1357 1112 1432 dicad
1140 1357 1260 1428 locum
1292 1358 1382 1429 mihi
1407 1359 1480 1452 de,

403 1480 585 1580 signatum
609 1478 738 1550 diebus
765 1477 927 1550 iuridicis
943 1477 1044 1550 horis
1062 1477 1258 1575 deputatis,
1276 1478 1343 1548 nisi
1361 1476 1465 1551 fuero

404 1595 499 1698 iuste
522 1596 738 1702 impeditus,
756 1610 791 1667 et
808 1596 908 1694 quod
934 1593 996 1668 ibo
1023 1595 1070 1666 ad
1096 1621 1220 1667 omnes
1238 1608 1275 1670 et
1294 1595 1466 1696 singullas
1485 1661 1488 1666 ,

404 1713 607 1806 oblationes
625 1713 821 1806 ordinatas,
839 1729 878 1819 et
893 1740 963 1811 que
983 1713 1251 1787 ordinabuntur
1268 1735 1334 1814 per
1353 1714 1468 1788 domi·

405 1842 493 1906 uum
519 1856 580 1905 seu
607 1858 761 1904 comune
788 1831 1001 1923 Mediolani,
1020 1834 1088 1904 nisi
1114 1831 1217 1906 fuero
1243 1835 1337 1905 iuste
1356 1834 1468 1933 impe*

404 1949 522 2042 ditus,
540 1963 578 2022 et
605 1949 705 2046 quod
730 1975 877 2047 operam
896 1950 991 2022 daho
1012 1975 1080 2048 pro
1098 1974 1205 2050 posse
1223 1975 1305 2021 curn
1324 1949 1465 2042 ellectu,

406 2067 504 2164 quod
530 2068 664 2140 notarii
692 2080 901 2140 exercentes
927 2067 1073 2164 aliquod
1092 2066 1255 2140 officium
1270 2070 1468 2142 cuiuscum-

405 2205 476 2282 que
492 2187 674 2285 maneriey
687 2187 772 2276 sint,
787 2198 824 2255 et
838 2185 1075 2284 aprobatores
1092 2188 1300 2259 cautionum
1315 2200 1351 2258 et
1364 2191 1472 2260 cane'

404 2306 495 2378 varii
512 2315 683 2406 'mayores
710 2316 747 2376 et
774 2306 932 2376 minores
959 2318 996 2376 et
1021 2306 1231 2402 superstites
1262 2329 1466 2395 carcerum,

407 2433 455 2494 et'
470 2448 595 2496 omnes
620 2423 682 2494 alii
709 2421 881 2494 officiales
907 2423 943 2492 in
972 2423 1115 2494 civitate
1141 2437 1180 2494 et
1201 2424 1375 2495 comitatu
1392 2424 1468 2498 Me·

406 2539 544 2614 diolani
569 2567 642 2612 non
668 2543 844 2640 recipiunt
862 2540 1001 2640 aliquid
1018 2542 1112 2612 ultra
1131 2569 1188 2635 ea,
1206 2567 1278 2640 que
1295 2543 1365 2615 sibi
1382 2558 1466 2617 suut

405 2658 570 2744 ordinata
596 2684 661 2758 per
687 2671 818 2758 statuta
845 2661 1010 2732 comunis
1035 2660 1243 2734 Mediolani.
1299 2735 1303 2749 ,

457 2775 607 2850 XXVII.
634 2777 691 2849 De
715 2775 836 2880 (fficio
868 2777 1111 2854 Notariorum
1144 2779 1407 2874 mallesttiorum
1432 2797 1468 2854 et
1495 2839 1502 2855 ,,

405 2921 533 2992 eorum
557 2894 672 2996 offitio
698 2913 732 2969 et
757 2913 995 2971 sacramento.

456 3014 511 3084 Ad
539 3012 696 3088 offitium
708 3019 940 3102 notariorum
959 3015 1225 3091 mallefitiorum
1242 3033 1316 3090 tam
1332 3020 1469 3092 domini

405 3119 595 3230 potestatis
622 3159 729 3230 quam
756 3137 856 3206 curie
880 3135 1020 3208 domini
1035 3136 1231 3212 Mediolani
1248 3140 1321 3210 siut
1335 3139 1467 3210 notarii

405 3248 603 3341 lorasterii,
631 3274 786 3347 quorum
814 3249 968 3323 offitium
994 3256 1042 3352 sit
1067 3254 1226 3326 scribere
1251 3257 1350 3332 etin
1377 3258 1466 3328 actis

404 3379 544 3466 ponere
570 3367 733 3468 legaliter
759 3382 796 3440 et
821 3368 980 3442 fideliter
1007 3427 1200 3444 ......
1228 3398 1352 3446 omnes
1382 3377 1467 3446 scri-

295 3561 299 3568 ,
407 3501 531 3584 pturas
565 3486 611 3560 ad
631 3485 803 3567 offitium
839 3488 1108 3565 mallesrtiorum
1149 3495 1400 3592 pertinentes,
1431 3507 1469 3566 et

406 3600 564 3680 sc‘ribere
598 3607 718 3680 banna
750 3621 787 3680 et
818 3607 1171 3712 condempnationes
1197 3613 1253 3683 sui
1279 3609 1404 3705 offitii,
1432 3626 1469 3686 et

407 3724 671 3800 exhimationes
694 3725 898 3802 bannorum
925 3739 963 3800 et
989 3731 1277 3832 consignationes
1295 3745 1332 3804 et
1348 3731 1469 3806 rellas·

406 3842 562 3915 sationes
588 3860 877 3938 carceratorum,
904 3861 940 3920 et
965 3850 1086 3921 omnia
1117 3851 1154 3926 iu
1187 3852 1466 3950 actis¹ponere,

407 3986 478 4058 que
505 3961 552 4034 ad
578 3987 681 4034 suum
709 3978 875 4064 spectant
900 3964 1072 4058 offitium3
1100 3983 1137 4041 et
1158 3968 1228 4041 hoc
1254 3993 1316 4040 sua
1342 3992 1465 4059 manu,

406 4081 475 4151 nisi
502 4078 709 4173 infirmitate
736 4083 790 4156 vel
816 4083 978 4157 absentia
998 4087 1060 4182 *vel
1088 4089 1181 4161 iusta
1201 4111 1307 4158 causa
1327 4088 1467 4178 steterit
