3338 5042
1205 281 1276 350 tce

187 389 373 489 dampni
385 389 567 461 dictorum
589 390 711 484 talium
726 389 954 462 destasiorum
972 392 1023 462 sic
1040 391 1286 491 inventum,

194 519 251 578 et
289 505 380 578 {ides
406 506 619 578 adhibeatur
644 505 787 578 cuilibet
819 531 902 578 cum
933 508 1130 584 iuramento
1154 509 1182 558 ⁸³
1199 517 1279 586 m

269 623 369 696 Item
380 631 383 638 '
394 624 492 722 quod
518 624 639 696 dictus
657 631 830 721 pensator
847 649 920 695 non
937 627 1052 722 possit
1067 621 1279 704 ncufflbfflt

200 754 346 812 tenere
364 766 431 813 nec
448 740 583 812 hahere
600 741 646 812 ad
662 741 846 814 bauchum
864 752 968 812 suum
986 743 1279 842 deputetutniper

202 884 377 931 comune
401 849 597 930 Mediolani
632 883 698 930 nec
725 858 855 930 librum
880 870 948 930 nec
976 855 1191 960 pugillarem
1212 885 1278 932 nec

203 1001 367 1076 capsam
380 981 460 1048 'ne'c
486 977 678 1075 scapnam,
697 975 919 1076 necaliquid
938 977 1034 1050 aliud
1059 1001 1126 1076 pro
1143 977 1278 1077 guber·

205 1092 534 1182 nando'deuarios,
544 1117 611 1165 nec
627 1093 831 1194 squedelias
845 1119 913 1192 pro
928 1093 1278 1194 ponendoidenattos

207 1213 342 1303 intus5
375 1235 442 1284 nec
475 1212 588 1308 possit
621 1210 813 1284 cambiane.
830 1224 993 1286 monetas
1027 1211 1174 1308 aliquas·
1201 1211 1278 1297 auri
1352 1219 1357 1228 '

144 1375 147 1379 -
210 1335 291 1400 nec
307 1330 454 1427 ,argenti
479 1354 545 1428 per
571 1351 610 1402 se
635 1353 702 1402 nec
728 1355 794 1430 per
819 1330 924 1402 aliam
939 1328 1167 1420 Usubmissaut
1195 1354 1279 1428 pcr-

213 1468 364 1540 sonam,
382 1461 697 1545 nec..pagam'eutat
709 1471 776 1545 per
800 1473 837 1519 se
863 1472 931 1520 nec
958 1448 1038 1521 eius
1060 1447 1204 1519 nomine
1230 1443 1278 1516 fa-

212 1573 306 1636 c'ere
325 1563 439 1636 ‘alicui
455 1573 630 1663 *persona
647 1567 727 1661 ipso
754 1566 926 1638 existente
952 1565 1004 1662 ad¹
1023 1563 1223 1655 tanetum,
1241 1575 1279 1668 et

214 1689 476 1782 pagamentum
502 1685 663 1782 recipere
690 1681 735 1754 ab
753 1682 872 1779 aliqua
898 1691 1070 1783 persona,
1090 1682 1279 1786 'ipsoeui-

215 1811 342 1873 stente
368 1813 409 1870 ut
435 1824 564 1898 supra,
586 1799 652 1870 sub
678 1825 774 1898 pena
798 1799 994 1871 solidorum
1020 1812 1162 1873 centum
1192 1811 1273 1874 tert.

216 1916 386 2018 qualibet
410 1919 504 2009 vice,
530 1941 605 2018 qua
629 1916 889 1993 contrafactum
915 1916 1036 1992 fuerit.
1141 1897 1151 1990 ‚⁴

273 2037 366 2108 Item
385 2036 495 2133 ⁴quod
517 2036 645 2138 dictus.
661 2049 833 2133 pensator
850 2048 1012 2108 teneatur
1028 2033 1148 2112 facere
1163 2036 1278 2108 bonos

218 2161 349 2240 om'nes
373 2151 549 2246 florenos„
567 2155 719 2226 ducatos
743 2165 780 2228 'et
798 2155 985 2254 ianuynos‚
1003 2178 1095 2250 quos
1112 2152 1279 2254 pensabit

219 2273 421 2344 'secundum
447 2297 571 2346 eorum
606 2281 755 2372 pensum
770 2273 837 2364 ‚si
862 2272 949 2344 dicti
980 2271 1129 2362 Hareni„
1156 2271 1277 2342 ducati

219 2401 262 2462 et
286 2390 429 2488 ianuyni
447 2389 638 2462 existentes
667 2413 774 2487 super
791 2388 990 2464 balanziam
1017 2388 1278 2487 aliquantulum

221 2507 415 2580 devincent
448 2509 699 2606 campiouum‚'
715 2507 783 2580 sub
807 2532 901 2606 pena
926 2503 1277 2584 solidorumdeeem

220 2625 356 2706 tertiol.
383 2651 451 2726 pro
478 2624 822 2723 quolibetfssoreno‚
850 2624 982 2698 ducato
1010 2641 1046 2698 et
1071 2625 1238 2724 ianuyn'o.

270 2745 363 2816 Item
387 2745 419 2814 si
444 2743 559 2816 dictus
592 2757 763 2842 pensator
788 2743 953 2816 inciderit
984 2742 1151 2839 ‘aliquem
1176 2740 1278 2814 flore-

221 2871 308 2934 num
334 2873 406 2963 pro'
426 2860 536 2952 falso,
553 2874 592 2935 et
609 2861 671 2934 ille
696 2863 756 2934 cui
783 2860 966 2965 inciderit,
985 2861 1106 2936 dicere
1122 2859 1278 2934 voluenit

223 3003 296 3052 non
320 3005 400 3052 esse
424 2979 572 3073 falsum,
590 2994 627 3054 et
642 2977 891 3080 probamvfieri
908 2978 1027 3051 facere
1041 2977 1197 3051 voluerit
1213 3003 1280 3076 per
1340 3039 1342 3044 .

224 3099 434 3195 magistrum
460 3109 623 3192 monete,
649 3111 817 3183 teneatur,
843 3095 960 3170 dictus
986 3108 1158 3195 pensator
1184 3109 1280 3194 stane

222 3214 268 3287 ad
281 3218 492 3290 senteutiam
502 3216 597 3288 'dicti
614 3217 776 3314 magistri
782 3257 804 3308 ,=
815 3228 853 3290 et
875 3215 920 3285 ad
932 3211 1127 3288 satiendam
1147 3213 1280 3287 dictam

222 3331 373 3431 probam
406 3333 527 3405 dictus
559 3345 733 3434 pensator
764 3345 802 3406 et
825 3357 909 3431 pars
936 3330 1083 3404 adversa
1116 3343 1281 3404 teneatur

225 3449 407 3548 deponere
433 3475 543 3549 penes
562 3451 770 3548 magistrum
791 3475 964 3549 expensas
977 3449 1199 3523 necessarias
1212 3471 1280 3544 pro

225 3567 318 3638 dicta
336 3567 450 3667 proba
468 3568 642 3662 fatienda,
659 3585 696 3642 et
711 3595 793 3670 pars
811 3568 967 3669 perdens
980 3565 1113 3644 dictam
1129 3565 1293 3662 probam

227 3695 389 3756 teneatur
415 3687 556 3760 solvere
580 3687 694 3759 dietas
720 3711 905 3788 expensas„
1015 3765 1016 3770 ἵ

274 3795 366 3876 Item
393 3807 492 3902 quod
518 3806 638 3880 dictus
654 3820 826 3905 pensator
842 3830 908 3878 nec
925 3806 1001 3876 eius
1020 3800 1185 3876 offitiales
1208 3827 1280 3872 non

224 4059 241 4101 Α
266 4069 278 4100 c
298 4058 471 4109 aeramento
489 4070 538 4110 suo
557 4075 572 4105 ι
592 4055 702 4125 (Im).
