3338 5042
435 394 618 552 11111
648 393 1058 553 siniriacum

549 736 552 746 ι
594 724 897 745 m*-

402 1233 545 1300 Consilia
562 1233 826 1314 iurisperitorum
844 1217 1140 1296 mediolanensium
1158 1232 1192 1296 in

445 1335 653 1418 generalibus
681 1336 822 1398 comitiis
851 1335 934 1396 inita
963 1336 1003 1396 de
1036 1335 1192 1398 emenda·

444 1440 532 1500 tione
555 1443 586 1518 et
606 1435 868 1516 promulgatione
891 1441 1108 1498 statutorum.
1124 1455 1192 1516 pop.
1261 1433 1272 1496 1

402 1539 588 1602 Proemium
606 1538 732 1600 statutis
749 1555 777 1598 a.
794 1555 905 1599 ucccnr
920 1537 1140 1616 prepositum.
1154 1563 1183 1598 ,ι
1257 1537 1275 1597 1

402 1641 519 1702 Littera
544 1645 575 1700 et
591 1622 737 1700 ¹edictum
759 1637 1030 1717 promulgationis
1052 1643 1206 1699 statuto-¹

439 1747 517 1802 'rum
542 1785 782 1803 ............
793 1725 795 1730 “
796 1783 1056 1802 .............
1069 1760 1076 1800 ’.
1091 1763 1186 1800 .....
1258 1738 1277 1799 9

374 1873 376 1878 -
403 1839 594 1904 Alielittere
612 1838 883 1919 promulgationis
902 1839 1094 1900 eorumdem
1112 1887 1119 1901 .
1134 1888 1140 1900 .
1154 1864 1185 1900 ,ι
1238 1840 1277 1900 10

400 1943 445 2004 De
463 1941 644 2004 cassatione
663 1940 966 2002 ordinamentorum
982 1939 1131 2002 veterum
1155 1967 1185 2002 ,υ
1238 1940 1273 2001 11

402 2043 446 2104 De
470 2042 696 2104 observatione
718 2047 912 2103 statutorum
943 2085 1077 2105 .......
1084 2071 1087 2076 ·
1093 2067 1186 2104 .....
1239 2041 1278 2102 12

403 2143 447 2205 De
464 2160 550 2222 pena
568 2127 763 2226 opponentis
784 2143 872 2220 quod
890 2159 957 2202 non
977 2143 1019 2202 sit
1040 2143 1193 2204 standum
1232 2125 1233 2130 ἵ

444 2245 571 2306 statutis
595 2249 626 2307 et
647 2243 881 2305 ordinamentis
904 2242 1055 2305 comunis
1073 2243 1193 2304 Medio·
1263 2253 1266 2260 ’

440 2345 508 2406 lani
517 2370 1181 2411 ................................
1194 2328 1195 2331 ¹
1231 2345 1277 2406 ib.

403 2446 542 2518 Quando
563 2445 727 2525 presentia
749 2451 870 2506 statuta
890 2445 1049 2524 incipiant
1075 2444 1192 2508 debere

387 2549 396 2566 '
442 2547 608 2609 observari
626 2591 844 2610 ...........
853 2563 887 2610 ...¹
901 2587 1160 2612 .............
1173 2574 1187 2601 .„
1240 2545 1277 2608 13

329 2683 332 2690 ·
402 2649 493 2722 Quod
515 2647 643 2710 rubrice
667 2665 734 2709 non
758 2647 934 2727 disponant
963 2675 1184 2711 ...........
1232 2648 1274 2710 ib.

399 2750 492 2824 Quod
512 2750 586 2810 iura
600 2748 814 2826 municipalia
828 2756 1015 2822 serventur,
1038 2757 1076 2810 ut
1096 2749 1192 2812 litera

438 2852 1180 2914 iacet·
1230 2850 1275 2911 ib.

398 2951 581 3014 Reservatio
604 2937 765 3012 certarum
787 2951 1182 3016 consuetudinum...»
1228 2952 1273 3014 11).

399 3054 492 3127 Quod
513 3054 586 3115 iura
611 3051 825 3130 municipalia
846 3058 1018 3114 serventur
1038 3053 1074 3114 in
1097 3054 1191 3115 terris

440 3153 612 3216 comitatus
636 3159 668 3214 et
689 3151 924 3214 iurisdictionis
940 3153 1115 3216 Mediolani
1131 3203 1138 3216 .
1153 3182 1182 3216 .»
1235 3153 1274 3214 14

400 3256 627 3330 Quodstatuta‚
639 3270 702 3332 que
713 3255 920 3334 reperiantur
934 3243 1049 3318 contra
1063 3255 1192 3318 liberta-

349 3391 351 3398 ‹
378 3393 385 3416 2
442 3365 508 3420 tem
519 3355 668 3429 ecclesie,
684 3373 742 3435 pro
758 3374 825 3417 non
842 3355 935 3418 factis
950 3357 1132 3419 habeantur
1147 3383 1180 3418 ,ι
1228 3358 1274 3418 ih.

400 3457 579 3520 Declaratio
607 3457 894 3520 consuetudinum
908 3463 940 3519 et
970 3457 1191 3520 observantia-

441 3576 533 3632 mm,
552 3575 614 3638 que
637 3558 677 3619 dc
699 3563 804 3619 cetero
824 3558 986 3620 observari
1004 3559 1123 3621 debent
1139 3559 1192 3622 rel
1219 3589 1221 3592 ·

330 3681 336 3694 ·
439 3678 506 3723 non
529 3659 648 3722 debent
665 3686 1183 3723 .........................
1230 3659 1274 3722 ib.

397 3760 541 3834 Qualiter
557 3760 713 3839 rescripta
729 3760 961 3822 dominationis
981 3761 1120 3824 debeant
1136 3762 1191 3823 ob-

437 3863 559 3924 servari
578 3889 1183 3927 ............................
1184 3875 1186 3881 ⁴
1236 3862 1276 3923 15·-

367 4001 370 4008 .
396 3962 440 4025 De
464 3962 625 4025 electione
648 3964 862 4025 dominorum
885 3963 1057 4027 duodecim
1085 3970 1191 4067 etgeo-

437 4082 510 4126 rum
535 4064 641 4126 cilicio
665 4092 1183 4130 .........................
1230 4065 1272 4126 ib.
