3338 5042
1179 362 1248 430 tot

201 475 413 566 Mediolani,
430 475 487 546 vel
514 477 577 572 qui
604 499 676 544 non
697 485 835 545 tenetur
860 453 981 542 subire
1008 471 1135 542 forum
1151 487 1252 570 pote·

202 596 304 666 statis
329 591 542 684 Mediolani,
569 591 674 692 quale
701 591 911 663 redderetur
937 591 1127 688 suppoxito
1150 592 1252 663 iuris-

201 712 350 783 dictioni
366 712 556 809 potestatis
574 708 789 800 Mediolani,
815 711 932 805 et'qui
950 709 1066 806 possit
1083 708 1254 808 compelli

201 823 324 901 subire
349 828 467 900 forum
493 828 603 926 ipsius
629 825 816 926 potestatis
843 849 963 896 coram
994 825 1114 896 iudice
1140 827 1254 925 ipsius

202 973 277 1019 non
303 945 453 1036 subditi,
471 945 501 1016 si
518 945 569 1015 ibi
588 959 682 1016 esset
709 944 970 1035 controversia,
989 942 1049 1035 lis,
1067 944 1259 1016 contentio
1310 953 1313 958 ’

201 1065 258 1136 vel
276 1066 415 1164 questio
425 1051 441 1154 ⁹,
452 1075 487 1134 et
501 1064 531 1132 si
545 1061 694 1132 dubium
712 1063 912 1151 emerserit,
931 1061 1087 1158 qualiter
1099 1074 1136 1132 et
1149 1059 1254 1159 quale
1274 1063 1276 1068 ’

203 1185 256 1254 ius
281 1180 622 1254 reddatur'subdi'tis
647 1179 881 1250 iurisdictioni
902 1181 1089 1276 potestatis
1110 1168 1253 1250 Medio-

203 1301 277 1372 lani
303 1287 342 1372 in
366 1300 444 1373 aliis
470 1297 691 1388 civitatibus,
720 1297 807 1368 locis
833 1309 870 1368 et
895 1295 1000 1388 foris,
1025 1297 1194 1368 credatur
1216 1301 1256 1368 'et

204 1431 318 1489 stetur
350 1414 460 1488 verbo
498 1439 560 1488 seu
596 1415 693 1486 dicto
729 1414 882 1485 duorum
921 1413 1108 1484 consulum
1146 1423 1256 1484 strate

203 1537 467 1611 merchatorom
494 1532 689 1604 Mediolani
713 1530 770 1603 vel
796 1530 947 1602 aliorum
970 1531 1123 1602 duorum
1141 1532 1257 1602 bono·
1349 1565 1351 1568 ’

204 1679 284 1724 rum
304 1654 488 1744 *virorum3
514 1663 551 1722 et
577 1652 607 1721 si
632 1649 719 1722 fides
737 1673 812 1720 non
834 1647 943 1722 fuerit
967 1674 1033 1747 per
1057 1650 1257 1748 predictam

204 1770 357 1842 formam
382 1767 493 1860 faeta,
512 1764 686 1839 habeatur
709 1793 776 1866 pro
803 1768 984 1838 constanti
1010 1767 1107 1865 quo'd
1126 1769 1163 1836 in
1180 1766 1258 1836 aliis

206 1888 295 1960 locis
322 1899 359 1958 et
383 1888 419 1957 in
445 1885 521 1986 aliis
540 1885 745 1957 civitatibus
769 1899 805 1956 et
824 1883 910 1955 foris
930 1886 984 1957 ius
1004 1909 1156 1957 comune
1177 1884 1259 1955 red-

207 2007 330 2096 datur,
348 2018 385 2076 et
400 2007 429 2076 si
447 2018 570 2076 contra
590 2004 751 2102 predicta
768 2003 825 2077 vel
844 2003 991 2103 aliquod
1013 2003 1259 2102 predictorum

207 2121 325 2213 fieret,
352 2123 397 2194 sit
430 2147 568 2193 cassum
594 2135 631 2193 et
655 2122 796 2193 irritum
829 2133 865 2193 et
894 2121 1025 2192 nullius
1056 2119 1189 2194 valoris
1223 2132 1261 2191 et

207 2240 391 2312 momenti.
424 2239 472 2309 Et
498 2240 543 2311 ad
569 2239 730 2340 predicta
761 2239 985 2312 observanda
1010 2253 1047 2310 et
1071 2235 1261 2338 quodlibet

208 2383 333 2430 eorum
353 2371 515 2430 teneatur
535 2355 685 2455 quilibet
708 2359 909 2450 iusdicens,
937 2355 1004 2428 sub
1026 2381 1120 2456 pena
1145 2355 1261 2427 libra-

206 2503 285 2549 rum
311 2478 615 2576 quinquecentum
644 2457 775 2548 tertiol.
803 2477 989 2568 solvenda,
1011 2489 1049 2548 et
1074 2476 1167 2546 ultra
1193 2471 1261 2546 hoc

209 2595 254 2666 ad
280 2596 545 2666 restitutionem
577 2596 739 2665 omnium
765 2573 1004 2693 dampnorum
1031 2608 1068 2666 et
1093 2596 1262 2664 interesse

209 2715 246 2784 in
262 2711 412 2812 duplum
429 2712 627 2810 dampnum
644 2737 766 2810 pass03
786 2725 823 2783 et
840 2712 1001 2811 predicta
1019 2725 1056 2784 et
1074 2711 1263 2810 quodlibet

209 2828 452 2930 predictorum
476 2830 669 2902 vendicent
685 2830 751 2901 sibi
768 2831 889 2900 locum
910 2831 948 2901 in
967 2829 1127 2901 favorem
1145 2827 1263 2900 subdi·

211 2961 328 3020 torum
354 2947 527 3046 potestati
554 2946 750 3018 Mediolani
775 2959 927 3018 tantum.
1050 2937 1052 2942 ’

258 3063 433 3136 CCLXII.
460 3065 516 3137 De
540 3063 610 3136 ttts
627 3069 691 3166 qui
709 3091 780 3136 uon
798 3064 968 3137 obediant
992 3071 1152 3158 statutis,
1168 3063 1268 3165 quod

210 3182 412 3255 habeantur
434 3198 602 3256 extorres
627 3183 672 3255 ab
698 3190 759 3256 eis.
854 3199 855 3204 ’

260 3299 303 3370 ln
330 3297 487 3374 favorem
513 3301 750 3374 subditorum
764 3302 900 3376 domini
916 3303 1106 3401 potestatis
1121 3301 1264 3373 Medio·

211 3421 283 3494 lani
319 3433 455 3492 tantum
489 3422 675 3512 statuitur,
709 3422 809 3518 quod
841 3424 905 3519 qui
938 3423 1077 3493 statutis
1103 3421 1265 3491 comunis

209 3537 408 3610 Mediolani
434 3563 508 3610 non
527 3539 720 3631 obediunt,
739 3539 784 3622 ab
802 3543 852 3612 eis
872 3538 1074 3611 habeantur
1091 3551 1263 3610 extorres.
1337 3628 1341 3632 ι

212 3657 263 3726 Et
279 3657 441 3755 predicta
459 3673 627 3731 contenta
640 3661 677 3730 iu
690 3673 825 3731 statuto
844 3660 1038 3757 incipiente
1062 3687 1079 3727 u
1093 3660 1130 3729 in
1149 3659 1267 3728 omni-

213 3774 281 3846 bus
307 3779 564 3876 preparatoriis
593 3807 629 3869 u,
656 3791 693 3849 et
719 3780 756 3849 in
783 3780 941 3878 presenti
965 3778 1161 3875 incipiente
1194 3804 1212 3844 a
1229 3776 1267 3845 in

214 3891 372 3965 favorem
391 3920 426 3986 u,
451 3921 524 3967 non
549 3897 739 3968 vendicent
765 3894 834 3966 sibi
859 3894 993 3987 locum,
1020 3895 1050 3965 si
1068 3895 1104 3965 in
1122 3907 1267 3966 contra-

215 4014 307 4084 rium
332 4011 391 4084 vel
422 4012 525 4086 aliter
555 4014 761 4113 specialiter
795 4026 833 4085 et
866 3993 1035 4111 expresse
1068 4014 1268 4114 pactiones,

216 4153 286 4226 que
312 4130 398 4201 inite
429 4144 512 4202 sunt
542 4132 599 4203 vel
634 4129 763 4204 fierent
796 4156 864 4230 per
889 4155 1044 4204 comune
1072 4129 1269 4203 Mediolani
