3416 5054
412 345 482 418 tw

460 455 666 528 CLXXIV:
687 449 799 553 Quod
820 461 1017 529 relassatus
1045 483 1067 528 a
1093 456 1305 543 carceribus
1326 462 1471 558 pieta&

409 583 552 675 intuytu
575 579 652 674 ipsa
677 579 879 648 occaxioue
903 577 1055 647 ulterius
1081 577 1155 648 nun
1180 579 1359 676 capiatur.

461 695 498 765 Si
524 694 605 792 quis
621 691 816 764 relassatus
834 691 942 765 luerit
959 719 979 764 a
997 691 1205 766 carceribus
1231 695 1371 794 intuytu
1387 698 1473 796 pis·-

411 815 492 884 tatis
517 837 586 912 pro
604 809 728 885 debito
746 813 907 884 comunis
923 811 1136 903 Mediolani,
1158 837 1232 884 non
1256 814 1370 911 possit
1394 815 1475 913 ipsa·

410 933 601 1003 occasione
627 931 776 1002 ulterius
803 930 886 1028 capi
907 954 973 1001 nec
998 928 1167 1028 impediri
1184 935 1212 1000 l.
1300 1008 1303 1014 ,

460 1049 645 1120 CLXXV.
672 1048 727 1120 De
751 1063 920 1145 regressu
944 1047 1116 1144 exz'gendi
1139 1061 1176 1120 et
1206 1049 1471 1150 consequendi,

410 1191 516 1268 quem
543 1164 649 1238 babet
665 1173 794 1266 captus
812 1172 873 1238 vel
888 1163 1039 1239 robatur
1055 1172 1116 1238 vel
1131 1179 1283 1240 coactus
1294 1192 1368 1264 pro
1386 1171 1470 1239 aiio.

461 1283 621 1373 Quilibet
652 1285 715 1381 qui
741 1285 840 1356 stetit
864 1282 921 1356 vel
948 1283 1057 1355 stabit
1083 1298 1210 1382 captus
1240 1284 1295 1356 vel
1325 1284 1472 1358 robatus

411 1403 473 1476 seu
491 1416 638 1475 coactus
652 1427 720 1502 pro
740 1401 862 1500 aliquo
881 1406 1049 1495 comuni,
1074 1405 1308 1476 universitate
1325 1403 1383 1476 vel
1401 1407 1473 1476 sin-

412 1521 526 1620 gulari
547 1546 703 1621 persona
727 1522 772 1593 ad
795 1523 1003 1593 instantiam
1020 1523 1185 1593 comunis
1202 1520 1399 1594 Mediolani
1415 1522 1473 1596 vel

411 1641 560 1713 alicuius
575 1639 731 1712 offitialis
745 1642 855 1740 ipsius
869 1642 1291 1739 comunis,poSsito1nne
1305 1654 1343 1712 et
1358 1654 1473 1714 totum

413 1761 449 1831 id
475 1760 576 1857 quod
602 1785 685 1832 eum
710 1759 859 1832 solvisse
885 1762 1103 1859 reperiatur,
1132 1758 1188 1832 vel
1214 1757 1477 1842 rationabiliter

411 1859 1473 1977 Qfflfflwwwmdmmmmffi-

412 1997 525 2095 gulari
560 2021 742 2094 persona,
769 1998 943 2096 consequi
976 2011 1012 2069 et
1047 1998 1207 2094 exigere,
1237 2022 1279 2068 ac
1313 1998 1343 2066 si
1379 2009 1474 2068 esset

411 2116 572 2186 comunis
599 2113 814 2205 Mediolani,
830 2129 867 2186 et
884 2115 981 2213 q'uod
999 2114 1108 2187 talem
1125 2113 1256 2188 habeat
1275 2115 1473 2204 actionem,

411 2229 1430 2330 qfflmmmoemmmfflmnofflmms

414 2349 1473 2452 ·OEHWQmewmwmem

411 2473 480 2542 tuit
504 2475 604 2571 capi,
629 2473 707 2568 ipso
734 2469 792 2541 ulie
818 2473 971 2542 ulterius
996 2495 1070 2542 non
1096 2473 1277 2568 capiatur.

460 2585 1475 2693 AwmwmmoeQMQmMoebmmn

414 2718 555 2797 teneat,
586 2705 641 2779 vel
671 2685 741 2777 alia
766 2707 957 2778 occasione
984 2731 1005 2777 a
1031 2704 1237 2779 carceribus
1263 2704 1473 2795 relassetur,

412 2849 487 2898 non
512 2826 625 2924 possit
650 2849 718 2923 pro
744 2824 863 2922 aliquo
897 2823 1023 2896 debito
1057 2823 1204 2924 publico
1238 2823 1295 2896 vel
1333 2824 1472 2924 privato

412 2945 492 3044 capi
517 2943 753 3042 personaliter
778 2946 858 3042 ipso
885 2943 955 3015 die.

465 3056 679 3132 CLXXVII.
708 3060 817 3158 Quod
835 3061 999 3134 detentus
1010 3085 1083 3161 pro
1102 3057 1219 3134 debito
1231 3058 1381 3162 publico
1399 3085 1473 3132 uun

411 3185 530 3280 possit
555 3186 759 3251 contestari.

463 3297 604 3396 Aliquis
629 3298 692 3394 qui
723 3320 791 3397 pro
825 3297 947 3370 debito
973 3297 1122 3398 publico
1155 3297 1374 3390 detineatur,
1399 3321 1473 3368 non

385 3497 388 3504 ,
413 3417 527 3517 possit
553 3440 621 3515 pro
648 3413 769 3516 aliquo
789 3413 860 3488 alio
885 3413 1010 3490 debito
1037 3417 1254 3505 contestari,
1281 3417 1367 3488 etsi
1389 3439 1474 3486 con-

414 3547 471 3607 tra
497 3533 619 3626 fieret,
646 3559 718 3606 non
745 3525 871 3607 valeat.

368 3711 370 3714 .
463 3650 699 3724 CLXXVMI.
735 3653 790 3725 De
821 3651 1023 3726 minoribus
1049 3658 1156 3726 annis
1181 3652 1304 3724 decem
1329 3666 1413 3724 octo
1441 3665 1474 3722 et

413 3769 619 3870 majoribus
643 3776 839 3870 sexaginta
866 3787 901 3844 et
924 3769 1136 3845 mulieribus
1162 3797 1237 3844 non
1263 3768 1472 3844 detinendis.

464 3888 625 3961 Minores
651 3891 752 3962 annis
770 3890 898 3963 decem
915 3903 1001 3990 octo
1021 3915 1089 3964 nec
1107 3913 1274 3988 mayores
1292 3889 1475 3986 sexaginta

415 4098 432 4140 Α
458 4110 471 4138 α
491 4088 560 4143 Vide
577 4092 707 4144 statutum
730 4091 765 4144 da
789 4089 1009 4162 sequestratione
1036 4086 1139 4158 sapt-ivi
1156 4088 1325 4145 notificanda
1343 4111 1357 4138 »
1376 4087 1467 4156 (Nota

434 4173 872 4269 ⁸abssessero).
