3416 5054
1255 329 1272 396 i
1282 329 1329 398 oa

270 453 308 512 et
321 441 387 538 qui
401 437 530 512 sindici
549 450 740 510 teneantur
755 441 874 510 iurare
888 463 1008 521 coram
1020 439 1151 510 vicario
1168 452 1204 510 et
1218 438 1332 514 offitio

269 557 523 656 provisionum
551 555 596 628 de
618 554 734 628 offitio
752 581 818 628 suo
836 555 929 628 bene
954 568 992 627 et
1017 554 1171 628 fideliter
1187 563 1206 608 Α
1223 583 1332 631 exer·
1403 561 1409 570 ⁴

270 675 403 768 condo,
420 688 458 746 et
479 674 525 746 de
553 674 742 746 serviendo
767 674 984 773 pauperibus
1009 688 1047 746 et
1072 675 1333 748 miserabilibus
1383 711 1388 722 ·

270 794 433 890 personis
459 817 583 864 amore
607 791 674 864 Dei
699 804 736 864 et
762 794 841 864 sine
864 817 931 890 spe
956 792 1105 865 alicuius
1132 817 1335 866 remunera·

271 912 402 1004 tionis,
421 913 451 981 si
469 912 571 1010 petiti
592 909 745 1002 fuerint3
764 911 837 1008 que
855 912 886 980 si
903 935 976 980 non
997 911 1234 1005 servaverint,
1253 912 1334 983 nul-

270 1030 344 1101 lum
370 1007 538 1101 salarium
563 1029 724 1127 recipere
748 1031 926 1130 possinta
953 1033 1098 1100 comuni
1126 1029 1332 1102 Mediolani.

323 1147 393 1218 CL.
423 1146 533 1245 Quod
555 1146 717 1218 aduocati
733 1161 768 1218 et
788 1146 921 1218 sindict'
935 1153 1103 1220 comunis
1119 1147 1253 1220 darem
1264 1175 1335 1248 per·

272 1291 385 1338 ratum
409 1291 556 1338 annum.
1071 1362 1072 1366 Ἰ
1241 1283 1247 1294 “

320 1383 496 1456 Advocati
512 1395 550 1456 et
567 1382 695 1456 sindici
713 1385 877 1456 comunis
899 1383 1095 1456 Mediolani
1113 1383 1244 1457 durent
1269 1409 1334 1486 per

269 1512 413 1574 annum
440 1527 552 1573 unum
586 1513 746 1593 tantum,
773 1501 899 1600 etqui
933 1502 1069 1575 fuerint
1106 1501 1272 1574 advocati
1298 1517 1334 1574 et

270 1621 399 1698 sindici
416 1622 453 1692 in
469 1643 755 1710 unoanno,non
773 1622 916 1718 possint
929 1644 1007 1692 esse
1025 1617 1117 1690 infra
1135 1619 1333 1711 biennium3
1385 1619 1386 1624 ’

271 1741 343 1836 qui.
360 1740 526 1811 advocati
551 1750 588 1810 et
615 1737 743 1809 sindici
775 1739 812 1807 in
838 1763 911 1809 uno
945 1737 1039 1812 anno
1072 1737 1264 1810 teneantur
1297 1753 1334 1810 et

169 1895 173 1902 ·
271 1856 429 1930 debeam
453 1855 630 1928 aduncare
649 1870 685 1928 et
701 1879 901 1956 procurare
925 1881 1051 1930 causas
1078 1857 1242 1927 comunis
1260 1857 1333 1928 Ms-

270 1975 405 2068 diolani
430 1987 471 2046 et
495 1999 693 2074 pauperum
722 1976 799 2046 sine
824 1974 948 2071 aliquo
973 1974 1045 2044 alio
1072 1975 1200 2072 pretio.

321 2091 413 2163 CLI.
442 2093 497 2164 De
522 2096 694 2165 electione
711 2108 747 2164 et
764 2090 885 2193 (fficio
903 2092 1033 2164 medici
1058 2096 1220 2193 cirurgis
1241 2119 1334 2192 pau.-

263 2237 395 2310 perum
411 2217 440 2282 ⁸.

320 2328 425 2400 Unus
450 2329 611 2401 medicus
637 2330 808 2428 cirurgie‚
840 2331 903 2426 qui
932 2327 1137 2426 appelletur
1170 2328 1334 2401 medicus

270 2623 288 2664 t
315 2635 327 2662 α
346 2613 469 2682 legaliter
488 2635 500 2662 a
521 2617 599 2681 (Coa.
618 2616 730 2684 eodem).

270 2707 289 2750 ι
315 2699 419 2754 medici
444 2698 611 2754 electionem
637 2700 754 2770 eiusque
778 2713 864 2754 onera
882 2713 915 2755 aa
933 2699 1025 2755 officia
1042 2700 1164 2754 ostendit
1180 2701 1233 2756 hoc
1251 2702 1328 2756 ducis

343 2781 487 2838 decretum
512 2782 602 2838 Ticini
620 2784 713 2840 datum
737 2784 781 2838 die
799 2783 895 2840 ultimo
919 2784 1039 2838 octobris
1056 2799 1211 2841 ucccxcu:
1232 2809 1244 2833 «ι
1264 2793 1327 2841 Dux

346 2890 357 2913 ι
379 2863 531 2928 Mediolani
549 2873 599 2920 etc.
625 2873 664 2920 lie
682 2866 847 2921 sufficientia
866 2869 895 2920 et
912 2865 1049 2936 legalitate
1072 2868 1181 2938 experti
1199 2869 1251 2923 viri
1268 2885 1327 2924 ma*

347 2972 359 2998 u
379 2949 457 3020 gistri
474 2949 639 3006 intentius
656 2949 773 3007 corbeia
792 2949 893 3021 cyroici
915 2955 1009 3006 nostre
1032 2951 1151 3007 civitatis
1176 2951 1326 3008 Mediolani

347 3057 359 3084 ν
379 3035 474 3092 dilecti
490 3037 579 3104 nostri
597 3035 729 3092 fidutiam
746 3040 935 3104 assumentes,
953 3038 1072 3094 eundem
1089 3025 1254 3108 magistrum
1270 3043 1326 3096 Aa·

345 3143 359 3170 1·
378 3122 487 3178 tontum
505 3120 540 3175 ad
557 3121 681 3176 officium
698 3125 726 3176 et
743 3136 838 3176 curam
855 3121 1072 3178 mutilandorum
1084 3127 1113 3180 et
1125 3123 1243 3180 aliorum
1260 3140 1325 3194 pau·

275 3197 280 3206 ”
346 3229 359 3256 »
378 3209 523 3276 peramat
545 3205 719 3260 intirmorum
742 3206 828 3274 ipsius
853 3209 947 3260 nostre
973 3207 1092 3263 civitatis
1116 3207 1177 3263 loco
1203 3209 1327 3278 magistri

345 3313 355 3338 ·
378 3290 483 3346 malinii
502 3291 537 3346 de
554 3290 736 3360 nemautgio,
749 3305 836 3364 quem
847 3307 864 3346 a
876 3291 922 3346 die
939 3293 1062 3362 presenti
1079 3293 1108 3347 in
1125 3297 1207 3350 antea
1218 3307 1241 3347 a
1253 3293 1325 3347 dieto

346 3397 359 3423 ι·
379 3376 470 3432 officio
487 3390 667 3443 revocamus,
680 3380 777 3432 tenore
794 3378 967 3446 presentium
984 3377 1177 3454 constituimus
1195 3381 1224 3432 et
1241 3377 1326 3446 depu-

346 3481 359 3508 υ
378 3465 469 3516 umus
487 3476 550 3515 cum
568 3459 623 3514 iilis
635 3459 747 3528 salario,
761 3460 854 3515 usibus
866 3467 895 3516 et
906 3460 1156 3529 commoditatibus,
1166 3477 1221 3534 que
1233 3461 1326 3517 huius·

347 3565 360 3598 a
379 3545 454 3600 modi
470 3543 556 3600 officii
573 3559 658 3600 causa
669 3545 745 3600 idem
756 3546 888 3614 magister
902 3545 1028 3602 Maiiolas
1040 3545 1144 3600 babere
1162 3547 1259 3601 solitus
1273 3551 1328 3615 est,

296 3687 300 3694 ,
348 3650 360 3675 »³
380 3634 409 3684 et
425 3630 509 3685 etiam
527 3645 591 3684 cum
602 3629 702 3684 salario
715 3629 882 3685 florenorum
894 3631 1009 3686 duorum
1022 3645 1085 3686 cum
1098 3630 1213 3686 dimidio
1229 3643 1328 3692 mense,

347 3734 359 3760 ν
379 3713 488 3783 singulo
505 3729 555 3783 per
572 3714 665 3785 ipsum
681 3715 844 3784 magistrum
862 3714 1010 3770 Antonium
1031 3714 1273 3785 percipiendorum
1291 3716 1326 3770 de

347 3819 361 3846 ν
379 3797 480 3857 salama
497 3798 655 3868 ordinario,
674 3799 749 3870 quod
766 3799 883 3856 dabatur
899 3799 1034 3868 magistre
1051 3799 1169 3857 Antonio
1182 3801 1218 3855 de
1229 3804 1325 3870 Curta,

347 3904 360 3930 s
380 3899 478 3956 quem„
497 3886 527 3938 ut
541 3885 694 3958 sentinus,
712 3884 813 3940 talibus
836 3884 983 3940 recusabat
1008 3883 1081 3942 curis
1105 3884 1269 3955 intender03
1286 3886 1325 3940 ita

347 3989 362 4016 s
380 3967 455 4040 quod
466 3967 558 4026 dictus
567 3969 699 4039 magister
710 3969 846 4026 Antonius
857 3969 951 4026 veniat
961 3969 997 4026 ad
1010 3969 1170 4026 babendum
1181 3973 1215 4028 de
1225 3971 1326 4026 salario

348 4072 361 4097 υ
379 4051 599 4123 sumomonte
616 4053 738 4112 florenos
755 4054 892 4125 quinque,
909 4055 961 4110 ata.
973 4077 987 4104 υ
1006 4057 1064 4121 (Ee
1076 4056 1139 4112 cos.
1152 4070 1202 4112 mr.
1217 4058 1327 4125 Faue).-

347 4139 386 4190 ne
404 4137 575 4194 medicorum
592 4153 708 4194 numero
723 4138 752 4194 in
764 4138 875 4196 civitate
888 4138 963 4202 ,asae
980 4139 1118 4198 habentur
1134 4141 1207 4210 apud
1225 4139 1324 4198 stulta-
