3416 5054
411 327 482 398 406

407 487 411 494 ·
454 439 618 512 chItt
647 440 701 512 De
723 444 946 539 perterrariis
970 463 1033 510 sen
1048 437 1265 531 soldateriis,
1282 442 1345 539 qni
1364 457 1465 516 stant

401 559 452 631 ad
469 573 620 659 portam
646 561 807 630 civitatis.

451 677 653 750 Portenarii
680 701 743 748 seu
768 675 973 768 soldaterii,
1001 677 1063 772 qui
1090 687 1183 782 stant
1208 675 1255 748 ad
1280 691 1403 776 portas
1429 692 1466 751 et

398 795 580 895 pusterlas
606 796 766 887 civitatis,
790 805 978 866 teneantur
1003 791 1097 864 bene
1121 793 1307 904 custodire
1333 794 1465 870 fossata

403 928 440 988 et
464 916 621 1013 terragia
647 914 802 984 civitatis
829 925 866 983 et
891 935 934 982 ea
959 912 1123 984 circhare
1150 914 1249 984 omni
1276 913 1356 1004 die,
1375 927 1413 987 et
1437 918 1465 986 si
1525 953 1526 958 κ

401 1035 601 1106 inuenerint
614 1031 762 1130 aliquod
776 1030 971 1130 dampnum
984 1030 1040 1102 vel
1053 1045 1216 1128 guastum
1228 1028 1364 1104 factum
1379 1058 1466 1125 esse,

400 1165 594 1226 teneantur
619 1149 712 1222 infra
737 1164 810 1222 tres
827 1149 905 1220 dies
923 1149 993 1220 hoc
1010 1173 1178 1220 accusare
1198 1148 1257 1222 vel
1275 1148 1465 1224 notificare

401 1269 588 1369 potestati,
605 1279 642 1340 et
659 1281 817 1367 potestas
843 1279 1011 1340 teneatur
1030 1291 1112 1338 eum
1139 1267 1409 1366 condempnare
1428 1272 1465 1340 in

402 1387 506 1460 libris
531 1384 657 1458 decem
683 1386 815 1458 tertiol.
844 1387 943 1456 omni
977 1385 1073 1477 vice,
1099 1397 1137 1456 ct
1164 1384 1331 1458 credatur
1362 1409 1467 1460 acnse

402 1506 599 1608 portenarii
625 1530 688 1576 seu
716 1504 901 1576 soldaterii
927 1503 1075 1575 alicuius
1100 1517 1219 1603 porte,
1247 1506 1349 1576 cuius
1373 1527 1465 1602 pene

404 1623 579 1698 medietas
597 1624 790 1724 'perveniat
816 1623 854 1692 in
880 1647 1034 1694 comune
1061 1621 1274 1714 Mediolani,
1293 1639 1330 1696 et
1346 1623 1412 1698 alia
1429 1625 1465 1694 in

401 1743 648 1842 portenarium
674 1766 737 1812 seu
766 1743 803 1812 in
829 1739 1068 1812 soldaterium
1086 1755 1332 1814 accusatorem
1352 1755 1390 1815 et
1407 1744 1465 1815 de·

401 1863 645 1949 nuntiantem3
661 1872 699 1930 et
712 1859 866 1957 quilibet
884 1859 974 1930 alius
988 1860 1105 1959 possit
1118 1859 1282 1932 similiter
1298 1885 1465 1934 accusare

404 1992 442 2051 et
467 1976 672 2069 notificare,
691 1980 775 2050 etsi
793 1976 1001 2077 probaverit
1026 2001 1190 2050 accusem
1216 1979 1272 2050 vel
1300 1979 1467 2052 notifica·

402 2097 539 2170 tionem
565 2121 668 2182 suam
694 2119 818 2168 veram
836 2117 930 2188 esse,
947 2094 1078 2167 habeat
1095 2096 1346 2188 medietatem3
1373 2111 1410 2172 et
1435 2101 1465 2170 si

402 2216 601 2316 portenarii
614 2212 674 2316 'vel
693 2213 878 2287 soldaterii
902 2217 1070 2286 steterint
1087 2215 1314 2314 negligentes
1332 2219 1368 2288 in
1386 2241 1466 2317 pre-

399 2335 528 2427 dictis,
555 2333 870 2432 condempnentur
896 2331 1059 2406 inlibris
1084 2332 1210 2408 decem
1237 2336 1366 2408 tertiol.
1395 2360 1463 2434 pro

404 2453 586 2551 quolibet,
613 2467 650 2526 et
674 2443 929 2525 remoueantur
953 2451 998 2523 ab
1025 2450 1151 2525 oflitio.

456 2569 598 2643 CXLV.
626 2573 682 2644 De
706 2575 867 2643 anzianis
888 2569 1186 2671 parrochiarum.

452 2690 601 2763 Anziani
624 2689 898 2790 parrochiarum
914 2685 1111 2762 Mediolani
1127 2704 1163 2762 et
1180 2692 1257 2788 ipse
1275 2692 1464 2792 parrochie

401 2813 592 2884 teneantur
609 2822 647 2882 et
665 2807 823 2882 debeant
840 2809 886 2880 ad
905 2811 1100 2882 terminum
1127 2810 1383 2907 assignandum
1400 2836 1465 2911 per

398 2940 614 3026 potestatem
626 2925 821 3000 Mediolani
840 2953 904 3000 seu
923 2928 999 3001 eins
1010 2928 1183 3000 vicarium
1198 2928 1284 3001 dare
1296 2929 1463 3002 anzianos

371 3088 373 3091 ·
401 3070 525 3137 novos,
544 3046 743 3118 secundum
761 3048 860 3146 quod
885 3050 980 3119 inter
997 3071 1033 3118 se
1056 3047 1464 3138 concordaverint„sub

400 3189 493 3265 pena
515 3167 553 3236 in
576 3177 749 3264 precepto
768 3167 817 3236 eis
834 3162 994 3236 fatiendo
1012 3177 1198 3257 contenta,
1221 3178 1256 3236 et
1273 3162 1465 3238 cuiuslibet

400 3287 486 3358 iuris
512 3287 566 3358 sui
593 3310 735 3358 causam
754 3291 782 3377 l,
808 3285 895 3356 dum
921 3309 995 3356 non
1019 3289 1064 3359 sit
1089 3288 1197 3360 iudex
1222 3287 1365 3387 collegii
1391 3287 1463 3360 Me·

400 3403 533 3478 diolani
559 3405 614 3476 vel
640 3404 743 3476 miles
770 3403 965 3496 adobatus,
992 3405 1048 3477 vel
1075 3419 1290 3505 procurator
1318 3405 1463 3506 publice

400 3549 572 3597 exercens
598 3520 767 3617 offitium,
793 3523 850 3596 vel
874 3521 1008 3598 habens
1034 3524 1329 3623 gubernationem
1358 3539 1465 3599 statu-

400 3657 520 3714 torum
553 3646 717 3717 comunis
752 3643 968 3734 Mediolani,
994 3642 1051 3716 vel
1077 3647 1232 3744 scriptor
1258 3643 1463 3736 aridarum,

399 3760 519 3832 honus
534 3764 674 3836 anziuni
692 3763 748 3836 vel
767 3765 999 3836 unzianorum
1018 3765 1132 3863 possit
1150 3759 1319 3864 compelli
1341 3759 1463 3834 subire

398 3880 435 3950 in
462 3881 651 3979 parrochia
678 3885 714 3954 in
742 3909 812 3981 qua
830 3880 969 3956 habitat
992 3897 1029 3957 et
1048 3911 1120 3957 non
1146 3886 1182 3955 in
1203 3883 1289 3973 alia3
1315 3896 1352 3955 et
1376 3883 1461 3978 qui·

402 4159 419 4204 t
448 4154 584 4207 stantum
604 4171 616 4198 r
635 4151 713 4220 (Coa.
733 4155 761 4204 Β.
784 4152 833 4214 tu).
