3416 5054
1250 321 1290 400 'st

239 428 397 545 aliquem
424 441 656 514 iusdicentem
683 446 720 514 in
745 439 917 542 predictis
944 440 1001 512 vel
1033 442 1150 540 aliquo
1177 443 1299 541 predi·
1393 447 1397 458 ’

240 578 382 636 ctorum
408 563 548 634 stetisse
573 561 629 633 vel
656 559 764 633 fuisse
789 559 995 660 negligente
1040 561 1230 660 ,possint‚
1249 575 1300 634 te-

244 695 395 752 neantur
420 691 458 751 et
481 677 675 751 debeant
666 703 783 778 ipsum
813 678 988 778 puniree
1037 678 1301 808 condempnare

243 799 443 871 secundum
469 796 619 868 formam
646 796 855 894 predictam.

295 915 465 986 CXXIV.
493 915 549 986 De
575 913 708 986 eode'm

295 1033 439 1103 Domini
461 1057 520 1104 sex
542 1057 683 1104 camere
703 1041 891 1103 teneantur
908 1043 945 1103 et
988 1029 1121 1103 ebeant
1139 1029 1207 1101 sub
1225 1013 1304 1134 pre-

245 1139 342 1222 dicta
368 1176 460 1250 pena
492 1150 641 1246 singulis
675 1149 856 1221 mensibus
888 1149 1016 1222 eodem
1044 1149 1156 1220 modo
1187 1149 1306 1250 inqui-

246 1269 416 1339 sitionem
454 1265 574 1339 facere
608 1279 735 1338 contra·
768 1291 892 1338 omnes
927 1281 964 1338 et
996 1265 1156 1366 singulos
1199 1289 1304 1365 apro·

246 1386 391 1458 batores
418 1385 709 1477 satisdationum‚
736 1409 807 1482 que
832 1383 1057 1485 aprobantur
1092 1387 1128 1456 in
1160 1386 1306 1457 civitate

246 1502 467 1596 Mediolani,
486 1516 523 1576 et
540 1515 666 1574 contra
683 1526 746 1573 eos
765 1503 967 1598 inquirere,
986 1503 1016 1572 si
1035 1501 1164 1598 aliquis
1182 1526 1307 1574 eorum

245 1620 466 1693 solutionem
491 1623 673 1719 acceperit
694 1603 818 1690 contra
835 1616 989 1690 formam
1012 1631 1230 1691 statutorum
1249 1627 1308 1691 c'o-

246 1739 366 1810 munis
392 1735 591 1809 Mediolani
616 1738 673 1808 rel
700 1752 823 1807 contra
848 1736 1012 1808 debitum
1039 1735 1145 1807 offitii
1173 1739 1230 1808 sui
1239 1732 1309 1829 ,et
1331 1765 1336 1776 ·

250 1880 314 1928 eos
342 1858 471 1954 punire
498 1868 535 1927 et
560 1854 825 1953 condempnare
850 1853 960 1925 modo
988 1868 1025 1925 et
1045 1853 1179 1946 forma,
1206 1867 1246 1926 ut
1265 1855 1310 1926 de

247 1973 397 2045 notariis
423 1973 468 2044 de
494 1970 610 2044 offitio
638 1973 773 2044 dictum
802 1985 878 2064 est,
900 1973 930 2042 si
955 1970 1155 2071 culpabiles
1174 1975 1311 2071 reperti

250 2091 385 2166 brerint
401 2091 439 2160 in
459 2090 599 2190 aliquo,
616 2102 654 2161 et
670 2089 798 2161 eodem
817 2089 925 2160 modo
945 2087 1164 2188 procedere,
1181 2089 1311 2188 punire

250 2223 288 2280 et
319 2208 607 2307 condempnare,
639 2209 669 2278 si
702 2206 823 2304 aliqua
857 2231 984 2278 accusa
1016 2206 1075 2278 vel
1110 2205 1311 2278 notificatio

250 2324 407 2427 proinde
432 2323 543 2396 fuerit
577 2326 628 2398 eis
662 2337 841 2424 porrecta.
868 2326 919 2395 Et
941 2325 1038 2422 quod
1061 2324 1150 2395 dicti
1179 2325 1312 2396 notarii

249 2455 289 2516 et
315 2444 549 2543 aprobatores
571 2467 639 2544 pro
656 2442 832 2542 predictis
859 2440 1014 2542 aliquam
1040 2442 1311 2514 satisdationem

250 2561 370 2634 facere
393 2583 466 2632 non
493 2573 694 2654 teneantur,
713 2559 776 2633 sed
802 2560 1055 2632 satisdationes
1072 2585 1216 2659 percos
1238 2586 1313 2660 pre-

250 2680 336 2749 stite
362 2679 557 2750 occaxione
583 2676 688 2748 offitii
715 2701 841 2748 eorum
867 2690 904 2748 et
930 2675 1162 2750 fideiussores
1194 2677 1230 2748 in
1263 2681 1313 2750 eis

250 2800 436 2870 constituti
464 2798 510 2869 ad
535 2798 697 2897 predicta
723 2811 924 2870 teneantur.
1300 2803 1304 2811 '

305 2913 455 2986 CXXV
484 2917 539 2986 De
566 2921 758 2988 lassatione
784 2919 975 2988 solutionis
991 2919 1125 2988 notarii
1134 2915 1181 2989 de
1198 2875 1312 3062 offitio

252 3058 325 3172 pro
352 3037 552 3131 scripturis.

265 3151 358 3224 De
383 3150 649 3250 subscriptione
683 3153 844 3251 precepti
874 3153 1116 3252 requirendi'
1107 3177 1145 3224 tn
1171 3153 1314 3224 civitate

254 3273 311 3346 vel
338 3285 437 3344 extra
465 3274 645 3344 civitatem
662 3269 859 3343 Mediolani
866 3284 994 3369 ,quot
1011 3276 1083 3400 sint
1112 3286 1250 3344 actores
1277 3285 1315 3346 et

251 3413 345 3491 rey,
363 3391 447 3492 imp.
475 3403 558 3462 rtes.

304 3509 358 3580 De
393 3508 659 3607 subscriptione
695 3521 780 3580 note
817 3509 928 3608 banni
965 3507 1140 3607 simpll‘cis
1174 3508 1316 3606 possint

255 3625 436 3724 accipere,
462 3627 491 3696 si
524 3623 632 3697 fuerit
663 3652 776 3719 unus,
803 3627 888 3724 imp.
917 3625 1025 3716 dues,
1052 3639 1088 3696 et
1124 3623 1154 3695 si
1180 3621 1315 3697 fuerint

256 3727 397 3842 plures,
415 3755 596 3841 quotquot
621 3741 755 3815 fuerint
781 3743 827 3814 ab
853 3769 926 3814 uno
954 3767 1081 3842 supra,
1100 3744 1314 3842 imp-unum

256 3887 322 3961 pro
349 3859 531 3958 quolibet,
549 3873 587 3933 et
614 3863 642 3931 si
667 3861 776 3934 fuerit
802 3862 1014 3932 universitas
1032 3859 1090 3932 vel
1109 3862 1316 3959 collegium,

258 3977 462 4078 imperiales
489 3991 658 4076 quatuor.

299 4093 354 4166 De
382 4096 554 4196 parabola
572 4108 699 4167 contra
718 4109 878 4168 actorem
896 4121 979 4167 cum
1000 4099 1163 4196 positura
1182 4098 1217 4168 in
1236 4120 1319 4195 qua·

561 4412 588 4454 Χ
