3416 5054
1235 297 1306 370 tlt

249 411 537 509 condempnetur
563 408 724 507 qualibet
743 413 820 482 vice
838 413 874 482 in
893 409 991 482 libris
1013 423 1159 484 centurn
1186 415 1310 485 tertio·

248 530 377 602 lorum.
661 585 663 588 -
752 609 754 614 ,
1203 611 1205 614 ,

299 645 459 722 CLXIV.
490 646 600 743 Quod
622 654 745 722 nullus
761 647 885 721 debeat
903 653 1085 722 molestari
1104 655 1310 728 conexione

235 765 458 866 fodrorum,
484 773 660 840 talearum
687 782 722 840 et
747 791 922 860 'onerum
946 772 1020 840 nisi
1052 767 1175 839 datum
1199 774 1246 842 eit
1270 773 1308 842 in

246 891 396 984 scriptis
429 912 450 956 α
484 909 628 958 camera
661 892 724 957 vel
751 911 774 956 a
809 884 1059 986 campsoribus
1091 893 1309 960 auctoritate

248 1008 456 1104 superioris.
498 1039 500 1044 ·
858 1079 870 1118 ι

298 1121 425 1194 Nullus
443 1121 594 1194 offitialis
613 1123 776 1193 comunis
794 1119 992 1206 Mediolani
1008 1122 1140 1194 audeat
1154 1120 1212 1194 vel
1229 1147 1309 1221 pre·

247 1253 366 1312 sumat
390 1239 578 1313 molestare
595 1237 748 1336 aliquem
772 1240 924 1311 civitatis
942 1240 999 1312 vel
1016 1242 1206 1332 comitatus
1222 1241 1308 1314 Me-

247 1356 381 1430 diolani
406 1360 598 1430 oocaxioue
624 1355 815 1448 talearum,
842 1356 1046 1449 fodrorum,
1073 1382 1224 1430 onerum
1249 1359 1308 1431 vel

246 1475 395 1548 alicuius
421 1474 552 1568 debiti,
570 1477 636 1546 nisi
661 1477 699 1547 in
725 1477 866 1576 seriptis
892 1502 912 1548 a
939 1487 1081 1548 camera
1105 1475 1162 1548 uel
1179 1475 1200 1547 a
1218 1503 1309 1548 cam-

246 1594 416 1694 psoribus
452 1596 614 1666 comunis
647 1593 843 1666 Mediolani
876 1596 1086 1667 auctoritate
1114 1596 1309 1692 superioris

246 1711 379 1784 babeat
405 1711 514 1804 illud,
532 1710 631 1811 quod
649 1714 740 1810 petit
757 1711 880 1783 abillo
908 1737 1017 1810 quem
1044 1711 1307 1804 molestaverit,

246 1830 315 1902 sub
340 1855 432 1930 pena
462 1829 636 1903 librarum
675 1830 933 1929 quinquaginta
959 1830 1197 1904 tertiolorum
1224 1856 1310 1928 qua-

243 1947 336 2022 libet
351 1951 444 2039 vice3
463 1962 507 2021 et
518 1948 684 2020 dominus
706 1961 869 2048 potestas
885 1961 923 2020 et
939 1947 1091 2048 quilibet
1106 1949 1183 2020 eius
1200 1949 1308 2022 iudex

242 2083 283 2140 et
308 2066 461 2167 quilibet
485 2067 574 2138 alius
600 2064 781 2165 iusdiceus
806 2069 843 2138 in
869 2068 1013 2140 civitate
1038 2067 1238 2141 Mediolani
1263 2068 1308 2140 de

243 2175 414 2284 predictis
432 2187 547 2286 possit
564 2198 602 2258 et
619 2184 753 2258 debeat
774 2187 977 2286 inquirere,
995 2186 1217 2285 procedere,
1238 2213 1304 2286 pu-

246 2305 323 2376 nire
349 2317 386 2376 et
411 2302 679 2404 condempnare
705 2328 749 2376 ex
775 2282 904 2375 offitio.

296 2422 437 2496 CLXV.
473 2421 528 2494 De
551 2427 689 2494 solario
715 2437 750 2494 et
774 2427 1063 2494 remuneratione
1096 2437 1225 2494 exacte
1243 2447 1308 2521 pe·

245 2546 351 2612 cunia
377 2539 559 2631 cassando,
585 2539 747 2641 ecquod
770 2546 868 2612 ultra
894 2565 966 2612 noo
992 2542 1161 2612 solvatur.

243 2695 247 2700 ·
296 2657 333 2729 Si
358 2659 541 2757 contingat
572 2657 731 2755 aliquem
766 2658 923 2730 iudicem
948 2657 1006 2730 vel
1041 2657 1151 2729 alium
1184 2684 1309 2757 quem·

245 2799 402 2873 cumque
434 2773 616 2848 offitialem
651 2778 749 2848 exire
775 2777 955 2848 civitatem
980 2802 1047 2877 pro
1080 2775 1198 2874 aliqua
1225 2803 1309 2850 exa·

244 2895 365 2966 ctione
399 2891 518 2966 fienda
548 2893 606 2964 vel
633 2894 703 2965 alio
731 2895 894 2992 negotio,
921 2918 993 2965 non
1025 2895 1140 2993 possit
1165 2896 1307 2993 exigere

244 3037 312 3085 nec
338 3011 474 3085 habere
497 3037 565 3112 pro
593 3035 631 3084 se
656 3024 694 3083 et
717 3008 851 3084 familia
877 3023 914 3084 et
935 3009 1194 3116 servitoribus,
1214 3033 1308 3110 quos

245 3156 368 3204 secum
401 3127 584 3224 habuerit,
609 3130 729 3230 aliqua
760 3132 978 3222 occaxione,
1003 3132 1071 3202 nisi
1107 3131 1307 3203 secundum

245 3250 346 3348 quod
370 3248 597 3323 ordinabitur
622 3250 680 3320 vel
706 3251 908 3348 reperietur
934 3251 1138 3322 ordinatum
1164 3273 1231 3349 per
1249 3275 1306 3322 co-

246 3393 354 3440 mune
380 3367 598 3463 Mediolani,
625 3367 694 3440 sub
719 3392 814 3466 pena
839 3366 1012 3464 librarum
1047 3369 1307 3468 quinquaginta

246 3484 492 3579 tertiolorum,
521 3500 558 3560 et
586 3489 631 3560 ad
665 3487 931 3560 restitutionem
961 3488 998 3557 in
1032 3485 1184 3584 duplum
1213 3487 1307 3578 eius,

214 3597 229 3614 ”
246 3603 346 3701 quod
377 3608 557 3706 receperit
592 3605 686 3678 ultra
720 3605 901 3705 predicta3
936 3617 975 3678 et
1007 3601 1161 3703 quilibet
1193 3605 1308 3703 possit

245 3745 414 3794 accusare
432 3724 620 3798 ethabeat
646 3724 877 3796 medietatem
902 3722 1256 3821 condempnationis,
1274 3736 1312 3794 et

247 3838 413 3913 credatur
438 3841 537 3913 dicto
564 3843 786 3915 accusatoris
814 3867 896 3913 cum
926 3852 1153 3913 sacramento
1181 3853 1218 3913 ct
1236 3828 1309 3911 uno

97 3947 102 3958 ’
143 3995 147 4002 -
246 3970 339 4032 teste
358 3960 499 4060 ydoneo
526 3974 563 4034 et
588 3960 660 4033 srde
686 3960 796 4058 digno
823 3959 961 4060 absque
986 3958 1055 4032 alia
1080 3958 1306 4058 probatione.

294 4075 386 4150 ltem
413 4079 512 4178 quod
538 4104 611 4152 non
637 4081 754 4179 possit
769 4080 943 4179 accipere
967 4079 1101 4178 aliquas
1133 4102 1306 4178 expensas
