3416 5054
404 295 451 364 66

403 407 467 481 fiat
492 424 617 479 contra
642 407 883 506 predicta'vel
909 407 1055 504 aliquod
1082 407 1346 506 predictorum,
1372 403 1458 478 etsi

402 543 525 599 contra
550 524 764 597 factumest
788 524 844 596 vel
863 523 956 617 fiet,
982 550 1056 597 noo
1081 537 1213 598 teneat.
1238 525 1286 596 Et
1302 525 1373 598 hoc
1390 521 1460 600 'sla-

402 659 521 717 tutum
547 647 593 716 sit
616 647 799 742 precixum
825 660 863 716 et
887 643 1051 736 firmum,
1078 645 1166 745 ipsis
1188 645 1283 716 datis
1301 643 1357 718 vel
1376 643 1459 716 dato

402 763 739 846 nonobstantibus.
827 809 832 824 ι
910 820 915 830 ,
1046 823 1051 830 .
1162 799 1175 832 ,·
1402 826 1405 838 ,

450 879 545 954 XCI.
573 880 685 979 Quod
707 885 831 953 nullus
855 881 1072 980 impediatur
1096 885 1133 951 in
1160 878 1324 954 brolleto.

450 999 540 1070 Cum
567 997 759 1070 brolletum
785 1024 918 1070 novum
944 1005 1107 1070 etvetus
1133 999 1294 1094 sompnis
1318 996 1458 1070 Medio-

400 1117 484 1190 laui'
499 1115 656 1189 debeant
680 1141 763 1188 esse
783 1117 863 1190 loca
888 1118 1084 1209 tutissima,
1110 1111 1459 1214 etuiquandozcon-

400 1239 513 1336 tingat
549 1228 719 1332 aliquem
740 1235 790 1305 in·
812 1234 949 1334 aliquo,
973 1235 1133 1333 ipsorum
1167 1233 1331 1336 lacerum
1368 1231 1458 1307 velle

399 1353 579 1443 detineri,
609 1378 682 1452 qua
708 1351 901 1424 occasione
926 1353 1036 1443 cisse,
1067 1351 1299 1424 mischlauuie
1330 1364 1368 1422 et
1395 1376 1457 1424 ru·

399 1495 516 1542 mores
540 1459 657 1563 fiunt,
680 1473 753 1570 que
778 1495 853 1541 non
879 1466 972 1540 fiunt
990 1469 1133 1570 'absque
1158 1469 1322 1568 periculo
1344 1482 1458 1540 status

399 1589 586 1660 hominum
616 1588 839 1678 Mediolani,
875 1586 922 1659 ad
950 1587 1207 1662 removendum
1240 1611 1366 1658 omncs
1387 1612 1458 1660 ,ru-

400 1703 519 1780 mores
550 1719 588 1779 ct
614 1705 774 1807 pericula
791 1713 827 1798 Α,
853 1722 890 1777 et
916 1707 1014 1805 quod
1039 1707 1122 1805 ipsa.
1142 1705 1221 1778 loca
1244 1707 1334 1796 sini,
1357 1719 1395 1777 et
1420 1719 1461 1776 ut

399 1849 479 1916 esse
506 1823 656 1915 debent,
683 1823 759 1894 loca
786 1824 984 1914 tutissima,
1011 1824 1181 1895 statuitur
1205 1822 1305 1919 quod
1331 1821 1460 1921 aliquis

399 1942 583 2014 iusdicens
609 1944 646 2013 in
673 1944 817 2012 civitate
833 1940 1042 2015 Mediolani
1071 1966 1147 2012 non
1171 1939 1306 2012 debeat
1330 1949 1460 2037 capere

399 2061 456 2132 vel
479 2061 660 2148 detincre,
681 2085 747 2130 nec
769 2060 851 2158 'capi
869 2057 923 2130 vel
941 2059 1094 2130 detineri
1111 2057 1229 2130 lacere
1239 2113 1250 2150 ,
1267 2083 1336 2132 nec
1356 2083 1460 2158 para·

401 2176 523 2249 hulam
558 2177 727 2277 capiendi
756 2177 810 2248 vel
840 2176 1031 2249 detinendi
1060 2176 1168 2247 alicui
1192 2177 1395 2248 concedere
1414 2178 1458 2248 in

400 2297 523 2394 aliquo
550 2296 796 2396 predictorum
822 2295 989 2366 locorum
1008 2319 1076 2392 pro
1098 2295 1231 2392 aliquo
1249 2294 1374 2367 debito
1398 2321 1462 2394 pu·

399 2413 576 2486 blico'vel
603 2415 745 2512 privato
771 2412 827 2484 vel
854 2414 1086 2484 concessione
1102 2412 1221 2510 aliqua
1246 2411 1314 2484 sub
1340 2437 1460 2510 penna

399 2532 577 2604 librarum
595 2532 857 2630 quinquaginta
877 2531 1110 2602 tertiolorum·
1123 2529 1286 2627 qualibet
1302 2531 1382 2602 vice
1392 2559 1407 2620 ,v
1422 2539 1462 2632 el

401 2651 539 2747 siquis
568 2653 607 2720 in
639 2649 762 2746 aliquo
796 2647 1250 2748 predictorumlocorum·
1265 2661 1459 2746 caperetur

399 2767 510 2840 etde
538 2766 705 2843 lacto'ad
734 2791 895 2839 carceres
922 2766 1132 2858 duceretur,
1158 2778 1230 2837 non
1253 2767 1458 2865 pos'sitpcr

399 2885 556 2983 aliquem
582 2886 790 2987 contestari
815 2909 884 2956 nec
917 2883 1083 2981 impe-diri
1109 2881 1220 2956 modo
1244 2883 1368 2983 aliquo
1392 2907 1460 2983 per
1566 2929 1572 2940 ·

399 3003 555 3104 aliquam
588 3028 812 3102 personam,
846 3001 1035 3102 collegium
1070 3001 1127 3073 vel
1160 3003 1457 3093 universitatem,

399 3121 464 3194 sed
499 3123 619 3194 suatim
654 3146 674 3191 a
713 3121 821 3192 dictis
859 3120 1065 3195 carceribus
1104 3118 1315 3192 rcllasselur
1350 3135 1387 3194 et
1421 3124 1458 3193 in

398 3251 532 3311 statum
560 3239 753 3338 pristinum
772 3237 887 3310 libere
905 3239 1113 3332 reducatur,
1127 3241 1225 3310 omni
1247 3241 1460 3337 exceptione

398 3372 548 3430 remota.

446 3474 548 3548 Idem
584 3489 753 3547 servetur·
777 3487 813 3546 et
842 3475 961 3547 locum
991 3472 1126 3548 habeat
1155 3476 1194 3546 in
1227 3495 1457 3574 quocumque

397 3618 506 3690 casu,
533 3596 571 3665 in
598 3619 672 3691 quo
698 3593 820 3692 captio
848 3619 920 3664 non
948 3605 1055 3665 tenet.

396 3934 414 3976 Α
436 3947 447 3972 «
461 3925 624 3996 videsupor
633 3925 687 3982 hoc
701 3926 817 3996 cuidam,
829 3941 879 4000 per
888 3942 974 4000 quam
985 3926 1134 3984 inhibitum
1146 3929 1275 4002 estquod
1287 3927 1350 4002 quis
1361 3926 1449 4002 possit

474 4009 535 4079 cepi
553 4009 583 4065 in
599 4009 754 4068 confinibus
772 4012 899 4081 brolloti,
917 4027 972 4086 quo
988 4011 1108 4068 confinia
1123 4011 1163 4066 ihi
1180 4015 1243 4068 sunl
1263 4011 1402 4068 declarata
1418 4011 1447 4065 in

473 4095 591 4149 decretis
613 4119 626 4143 u
646 4098 735 4163 (Nota
751 4098 781 4151 iu
800 4099 863 4158 cod.
881 4102 908 4153 S·
926 4101 959 4168 Q,
978 4103 1006 4152 Ρ.
1024 4101 1061 4152 ll.
1077 4100 1128 4164 20).
