3416 5054
408 257 455 338 'll

453 369 547 442 CIII.
575 369 635 440 De'
653 365 764 474 ‹fftio
791 367 1019 443 dominorum
1043 394 1111 442 sex
1134 395 1277 459 camere
1294 375 1456 474 curatoria

403 489 611 563 Mediolani.
934 490 935 494 ’

451 607 528 678 Sint
553 605 690 677 domini
715 629 776 677 sex
803 630 963 697 camere,
990 606 1027 677 in
1055 606 1187 703 quibus
1214 610 1286 680 sint
1311 607 1383 682 duo
1410 610 1456 684 de

399 725 552 824 collegio
590 723 750 796 iudicum
782 722 1002 815 Mediolani,
1038 737 1075 796 et
1108 739 1263 823 quatuor
1297 728 1397 800 boni·
1417 739 1455 802 et

399 843 548 915 discreti
576 843 654 934 viri,
672 842 734 937 qui
759 842 897 939 prosint
921 839 1088 934 omnibus
1115 843 1315 918 rationibus
1337 858 1377 917 et
1395 846 1455 920 de·

398 959 620 1032 fensionibus
646 960 812 1030 comunis
838 958 1043 1031 Mediolani.

419 1173 422 1178 ¹
450 1077 540 1149 ClV.
568 1078 624 1150 De
649 1075 780 1150 eodem.
1121 1161 1124 1168 ,

447 1193 633 1293 Eligantur
657 1219 722 1292 per
746 1193 931 1266 dominum
952 1194 1149 1270 Mediolani
1166 1221 1246 1289 sex,
1272 1199 1335 1294 qui
1358 1212 1453 1271 stare

397 1312 551 1384 debeant
576 1310 622 1382 ad
648 1335 828 1408 cameram
855 1314 1019 1384 comunis
1045 1311 1260 1403 Mediolani,
1287 1304 1456 1388 videlicet

399 1454 490 1501 unus
516 1455 584 1529 pro
611 1444 735 1526 porta,
762 1430 858 1500 inter
882 1454 974 1527 quos
1001 1431 1072 1501 sint
1106 1431 1178 1502 duo
1205 1432 1343 1505 iudices
1377 1433 1453 1504 col·

374 1548 480 1646 'le'gii
517 1545 743 1638 Mediolani,
777 1561 813 1618 et
844 1544 905 1618 alii
936 1546 1050 1644 layci,
1086 1551 1150 1646 qui
1188 1550 1260 1621 sint
1297 1549 1481 1624 maiores·

395 1667 498 1736 annis
524 1665 841 1763 vigintiquinque,
868 1665 933 1762 qui
957 1663 1094 1738 domini
1121 1690 1182 1738 sex
1207 1666 1367 1741 habeant
1383 1692 1452 1768 pro

397 1807 462 1864 suo
489 1781 636 1874 salarie,
666 1779 835 1854 videlicet
866 1780 1001 1856 iudices
1032 1781 1170 1854 solidos
1202 1798 1286 1856 octo
1322 1786 1453 1858 tertio-

397 1899 543 1992 lorum,
582 1912 618 1970 et
652 1898 742 1998 layci
777 1898 897 1970 soldos
924 1901 1101 1998 quinque
1121 1899 1350 1973 tertiolorum
1385 1926 1452 2004 pro

396 2016 560 2115 quolibet
575 2040 703 2088 eorum
721 2017 759 2087 in
777 2015 858 2108 die,
882 2029 919 2087 et
939 2019 969 2088 si
986 2019 1118 2090 iverint
1138 2030 1235 2090 extra
1252 2021 1453 2112 civitatem,

396 2133 529 2206 solidos
553 2135 681 2231 viginti
708 2135 954 2226 tertiolorum,
981 2136 1011 2206 si
1036 2136 1344 2234 pernoctaverint,
1368 2139 1451 2209 etsi

396 2247 591 2343 redierint,
627 2261 767 2321 tanturn
804 2249 927 2322 soldos
965 2251 1170 2350 quindecim
1205 2251 1453 2345 tertiolorum,

396 2381 608 2469 computato
635 2367 782 2459 salari03
809 2381 847 2440 et
872 2369 1011 2442 nullum
1036 2369 1135 2441 aliud
1159 2384 1298 2442 acatum
1319 2370 1453 2452 ¹fatiant

369 2529 372 2536 ·
394 2491 533 2559 ratione
558 2487 647 2558 dicti
673 2483 805 2581 offitii,
831 2499 868 2559 et
894 2513 969 2559 non
995 2490 1110 2587 possit
1136 2488 1265 2586 aliquis
1291 2481 1338 2561 'ex
1364 2491 1451 2588 ipsis

395 2606 575 2678 iudicibus
601 2605 756 2678 durante
786 2605 903 2680 offitio
930 2607 991 2680 illo
1018 2609 1192 2704 consequi
1218 2632 1285 2680 nec
1317 2606 1452 2680 habere

394 2724 541 2822 aliquod
567 2723 669 2795 aliud
694 2723 835 2796 lucrum
861 2749 929 2796 nec
956 2738 1097 2797 acatum
1114 2726 1253 2796 ratione
1270 2751 1335 2797 seu
1351 2749 1454 2798 occa·

392 2843 496 2914 xione
522 2841 674 2913 alicuius
702 2844 928 2924 comissionis
954 2842 1011 2916 vel
1037 2843 1332 2936 examinationis,
1357 2844 1451 2942 peti·

395 2963 500 3032 tionis
524 2961 581 3032 vel
608 2959 864 3033 declarationis
891 2961 1044 3033 alicuius
1075 2960 1202 3052 dubii,
1237 2961 1337 3059 quod
1361 2974 1453 3032 esset

395 3076 452 3150 vel
477 3081 632 3149 oriretur
657 3081 849 3150 occaxione
879 3081 993 3178 ipsius
1028 3074 1159 3170 offitii,
1193 3091 1230 3150 et
1260 3089 1452 3150 teneantur

394 3208 431 3268 et
447 3193 606 3270 debeant
624 3220 751 3268 curare
770 3222 852 3268 cum
871 3195 1015 3287 ellectu,
1032 3195 1134 3293 quod
1150 3208 1281 3268 statuta
1300 3208 1338 3268 et
1354 3193 1450 3266 ordi-

393 3315 563 3385 namenta
582 3313 752 3410 comunis
779 3312 980 3386 Mediolani
1004 3326 1194 3385 serventur
1209 3338 1278 3413 per
1296 3310 1451 3404 iudices,

391 3433 553 3503 notarios
581 3444 618 3504 et
646 3428 812 3506 offitiales
839 3433 876 3502 in
902 3433 1047 3504 civitate
1070 3444 1108 3503 et
1125 3433 1297 3504 comitatu
1315 3426 1452 3502 Medio-

389 3547 489 3641 lani,
516 3561 553 3621 et
579 3549 740 3649 deipsis
766 3547 894 3622 fatiant
923 3549 1129 3647 diligentem
1155 3549 1451 3646 inquisitionem,

292 3675 294 3684 “
342 3672 343 3675 ’
391 3678 429 3738 et
445 3665 601 3739 habeant
618 3666 903 3764 iurisdictionem
922 3665 1164 3766 compellendi
1180 3664 1365 3766 predictos
1384 3665 1453 3735 ius·

393 3788 571 3880 dicentes,
598 3793 760 3864 notarios
786 3804 824 3862 et
849 3788 1016 3862 offitiales
1043 3814 1187 3863 servare
1214 3791 1294 3890 ipsa
1320 3798 1454 3859 statuta

395 3923 433 3981 et
467 3909 732 4000 ordinamenta,
768 3923 805 3982 et
830 3910 1118 4009 condempnandi
1153 3935 1215 3982 eos
1242 3923 1279 3982 et
1304 3907 1454 3982 fatiendi

362 4051 371 4067 ·
397 4030 540 4128 exigere
565 4026 910 4127 condempnationes
924 4083 936 4122 ,
976 4042 1085 4128 prout
1110 4028 1457 4126 condempnavcrint
