3416 5054
1220 354 1288 422 tta

237 484 426 544 teneantur
439 484 477 540 et
494 465 651 542 debeant
671 467 789 538 modis
807 465 975 539 omnibus
993 481 1031 539 et
1054 471 1198 567 precise
1223 467 1294 540 exi*

236 616 320 688 gere
338 615 359 661 a
376 586 599 687 quibuslibet
616 585 752 684 aliquid
766 585 983 659 debentibus
996 590 1142 680 comuni
1156 585 1294 660 Medioss

236 707 310 780 lani
332 717 560 808 quacumque
574 731 696 798 causa,
716 717 754 776 et
773 708 837 803 qui
857 708 893 776 in
914 704 1074 777 futurum
1091 703 1295 799 debebunt,

238 838 379 898 tantum
404 823 491 896 illud
518 826 617 921 quod
637 824 722 895 dare
739 821 879 895 debent
889 837 926 895 et
941 823 1128 896 debebunt
1151 826 1296 896 comuni

237 940 433 1017 Mediolani
459 968 503 1014 ex
536 963 765 1040 quacumque
798 964 905 1013 causa
936 939 1102 1012 omnibus
1131 942 1218 1013 iuris
1242 966 1296 1014 re-

237 1061 382 1153 mediis,
400 1058 539 1158 *qnibus
572 1058 699 1130 melius
732 1075 768 1130 et
800 1058 953 1130 velotius
986 1059 1122 1158 poterit
1156 1061 1295 1132 exactio

239 1177 338 1272 fieri,
363 1177 512 1250 multam
545 1176 759 1265 indicendo,
794 1201 967 1276 personas
999 1188 1036 1248 et
1065 1178 1213 1276 pignera
1240 1204 1297 1249 ea·

238 1293 387 1397 piendo,
403 1295 610 1387 vendendo,
629 1295 844 1389 detinendo,
867 1295 1055 1394 legiptima
1080 1293 1171 1368 lacta
1191 1297 1297 1370 suba-

239 1419 413 1508 statione,
447 1428 485 1488 et
518 1411 695 1515 quicquid
729 1426 894 1486 exactum
934 1439 999 1485 seu
1036 1429 1297 1513 consequutum

239 1534 346 1608 fuerit
382 1532 634 1606 occisionibus
669 1534 940 1632 suprascriptis,
974 1529 1128 1631 predicti
1161 1533 1297 1606 iudices

241 1665 429 1726 teneantur
446 1665 483 1724 et
501 1650 657 1724 debeant
668 1676 794 1725 curare
809 1664 846 1722 et
860 1634 982 1724 'facere
996 1651 1097 1749 quod
1116 1655 1300 1752 perveniat

240 1773 278 1844 in
305 1795 458 1842 comune
484 1769 685 1843 Mediolani
703 1783 740 1842 et
756 1795 830 1840 non
853 1771 890 1840 in
914 1769 1075 1868 aliquam
1092 1769 1197 1842 aliam
1221 1794 1300 1869 per-

176 1899 178 1904 '
242 1913 386 1980 sonam3
405 1899 443 1960 et
459 1888 529 1960 hoc
543 1889 689 1987 precise
703 1900 740 1960 et
754 1889 831 1959 sine
845 1899 971 1960 tenore
983 1887 1054 1958 hoc
1068 1887 1189 1982 modo,
1203 1888 1300 1962 vide-

242 2006 330 2080 licet
346 2007 446 2105 quod
465 2009 579 2106 primo
595 2007 740 2106 exigant
752 2019 789 2080 et
805 2007 944 2105 exigere
961 2003 1119 2079 debeant
1136 2031 1157 2078 a
1172 2021 1300 2106 poten-

244 2127 392 2200 tioribus
409 2142 446 2198 et
460 2126 650 2199 ditioribus
666 2139 703 2200 et
718 2125 922 2226 mayoribus
937 2126 1092 2197 civitatis
1107 2125 1303 2199 Mediolani

242 2259 279 2318 et
305 2248 513 2337 comitatus,
530 2259 567 2319 et
582 2245 815 2346 postmodnm
833 2243 880 2316 ab
897 2244 991 2335 aliis,
1010 2257 1153 2316 servato
1173 2242 1301 2317 ordine

242 2363 429 2437 cuiuslibet
454 2363 557 2457 libri,
583 2366 667 2435 anni
695 2377 731 2436 et
750 2361 843 2435 tituli
870 2375 906 2435 et
922 2389 995 2436 non
1018 2387 1085 2464 per
1112 2366 1253 2435 satiram
1273 2369 1299 2433 l.

293 2499 456 2573 CLXIX.
486 2500 595 2598 Quod
609 2515 801 2574 exactores
825 2527 899 2573 non
919 2505 1216 2574 reintromittant
1233 2505 1302 2574 nisi
1409 2587 1411 2596 Α

242 2619 286 2692 de
295 2623 463 2717 pecunia,
480 2645 549 2720 que
555 2626 746 2718 pervenire
759 2617 861 2692 debet
874 2625 911 2690 in
923 2643 1077 2692 comune
1088 2619 1301 2693 Mediolani.
1363 2669 1369 2680 ·

293 2736 490 2810 Exactores
516 2738 578 2835 qui
604 2751 776 2836 preerunt
791 2739 969 2810 exactioni
987 2740 1150 2809 comunis
1169 2738 1304 2830 Medio·

244 2856 330 2949 lani,
357 2881 430 2927 non
462 2855 618 2928 debeant
651 2881 716 2927 nec
746 2859 887 2957 possint
918 2881 956 2928 se
991 2857 1229 2928 intromittere
1258 2861 1304 2929 de

244 2976 431 3048 exactione
457 2974 576 3072 aliqua
602 2973 759 3048 sitienda
784 2977 828 3048 de
859 2973 979 3072 aliqua
1012 2976 1168 3074 pecunia
1200 2959 1305 3048 alicui

245 3093 340 3185 data,
358 3090 416 3164 vel
433 3091 479 3165 de
498 3106 618 3164 cetero
641 3091 759 3164 danda
776 3093 834 3164 vel
853 3116 1021 3164 concessa
1041 3081 1100 3163 vel
1114 3091 1305 3185 delivrata,

244 3214 315 3285 nisi
329 3212 558 3286 solummodo
572 3209 618 3284 de
630 3212 692 3284 illa
708 3215 876 3312 pecunia,
890 3235 961 3312 que
978 3216 1167 3312 pervenire
1180 3211 1306 3284 debuit

244 3332 286 3404 in
302 3354 457 3404 comune
469 3327 667 3405 Mediolani
671 3334 759 3426 ,nisi
776 3357 843 3432 per
856 3333 1038 3433 presentia
1054 3345 1188 3406 statuta
1202 3330 1306 3409 aliter

246 3451 441 3551 spetialiter
465 3450 575 3524 buerit
600 3454 799 3551 provisum.
1034 3505 1037 3513 .

296 3566 442 3640 CLXX.
470 3568 581 3666 Quod
594 3585 751 3643 exactor
771 3574 888 3670 possit
910 3555 1214 3670 exigeremus,
1237 3593 1307 3670 que

245 3701 318 3757 tam
344 3690 383 3758 in
407 3713 560 3761 comune
585 3715 695 3790 quam
721 3693 757 3760 in
782 3693 893 3760 alium
912 3692 1105 3788 pervenire
1130 3671 1268 3759 debent.

298 3804 423 3877 Dictus
449 3821 592 3879 exactor
619 3810 682 3906 qui
708 3808 844 3909 preerit
870 3809 1047 3879 exactioni
1072 3809 1224 3906 pecunie
1251 3831 1309 3878 co-

247 3926 365 3996 munis
397 3923 610 4017 Mediolani,
635 3927 750 4025 possit
781 3938 819 3998 et
849 3922 979 3998 debeat
1007 3919 1148 4026 exigere
1180 3949 1306 3998 coines

193 4159 196 4168 ’
250 4181 268 4225 Δ
295 4197 307 4222 ιι
326 4175 492 4244 persillum
514 4196 526 4224 ιι
545 4169 660 4231 tortasse
679 4175 897 4246 intelligendum.
