3386 5122
396 275 408 339 l
422 273 440 342 l

441 383 537 454 VIII.
567 379 679 478 Quod
702 386 784 452 iura
810 384 1047 480 municipalia
1065 349 1255 452 seruentur
1278 383 1317 450 in
1343 385 1450 452 terris

389 506 622 576 corrrunit'utis
648 515 684 572 et
709 499 975 572 iurisdictionis
1001 497 1205 570 Mediolani.

439 621 522 694 Iura
548 633 672 690 nostra
689 614 924 717 municipalia
941 613 1197 687 inviolabiliter
1213 613 1452 688 observentur

388 751 425 810 et
450 738 571 810 locum
597 735 758 808 habeant
783 735 820 803 in
846 733 1134 830 quibuscumque
1159 734 1285 822 terris,
1308 733 1453 823 castris,

387 855 479 928 locis
506 868 540 928 et
566 853 731 953 partibus
749 861 788 924 et
807 852 972 950 personis
998 851 1154 923 civitatis
1178 865 1217 924 et
1243 851 1451 942 comitatus,

390 973 596 1063 districtus,
622 971 792 1069 dyocesis
815 983 853 1040 et
876 967 935 1043 vel
961 968 1218 1040 iurisdictionis
1244 966 1455 1059 Mediolani,

389 1115 463 1164 uon
477 1088 710 1162 obstantibus
723 1087 902 1184 aliquibus
917 1086 1219 1186 exemptionibus,
1237 1083 1452 1184 privilegiis,

389 1205 699 1296 immunitatibus,
724 1205 1019 1276 concessionibus
1044 1203 1101 1276 vel
1132 1202 1370 1302 prerogativis
1395 1202 1453 1274 vel

394 1323 583 1424 quibusvis
601 1322 679 1395 aliis
697 1321 846 1414 iuribus,
865 1347 937 1419 que
954 1320 1027 1394 dici
1045 1320 1101 1394 vel
1118 1322 1252 1419 alegari
1269 1327 1287 1369 Α
1303 1323 1456 1418 possent

393 1446 431 1514 in
458 1442 696 1530 contrarium,
716 1440 851 1539 quibus
863 1438 1037 1511 'omnibus
1055 1452 1093 1512 et
1109 1439 1258 1536 singulis
1283 1463 1328 1511 ex
1353 1451 1454 1512 certa

394 1561 544 1634 scientia
561 1583 629 1657 per
647 1582 795 1656 presens
816 1570 990 1630 statutum
1008 1555 1218 1656 derogatum
1237 1559 1302 1650 sit,
1320 1568 1364 1628 et.
1376 1559 1454 1654 ipso

393 1681 471 1750 iure
494 1692 532 1751 et
551 1677 646 1748 facto
673 1677 885 1775 derogatum
911 1700 991 1746 esse
1017 1674 1250 1774 intelligatur.
1309 1735 1310 1741 ,

444 1795 511 1866 ΙΧ.
540 1793 649 1890 Quod
673 1808 804 1865 statuto
830 1817 898 1892 qne
923 1797 1158 1892 reperiuntur
1183 1806 1313 1864 contra
1330 1789 1454 1864 liber·-

394 1927 501 1986 iutem
527 1904 688 1984 ecclesaie
707 1934 781 2010 pro
807 1935 880 1982 non
893 1907 1012 2009 finctis
1037 1907 1250 1983 habeantur.

442 2017 622 2106 wStatuitur
647 2028 745 2126 quod
772 2029 802 2098 si
827 2025 969 2124 aliquod
995 2031 1218 2126 presentium
1238 2041 1454 2102 statutorum

395 2149 615 2246 reperiretur
632 2147 669 2216 in
683 2145 807 2242 aliquo
821 2133 948 2216 contra
966 2145 1172 2218 libertatem
1191 2159 1314 2218 sancte
1332 2148 1455 2218 matris

397 2265 565 2357 «ecclesie,
585 2263 682 2362 quod
707 2265 755 2335 sit
780 2287 921 2335 cassum
948 2276 985 2336 et
1011 2263 1152 2334 irritum
1178 2278 1215 2336 et
1240 2263 1373 2336 nullius
1398 2290 1456 2335 va-

395 2383 481 2454 loris
508 2397 545 2455 et
581 2380 774 2474 momenti,
800 2393 839 2453 et
871 2405 937 2480 pro
965 2407 1038 2453 non
1073 2380 1167 2454 facto
1194 2381 1391 2473 habeatur,
1416 2383 1455 2453 in

397 2515 574 2600 quantum
600 2513 697 2572 esset
723 2512 850 2572 contra
878 2498 1010 2572 dictam
1038 2500 1252 2573 libertatem.

445 2619 492 2690 X.
520 2618 733 2690 Declurctin
758 2617 1059 2690 consuetudinum
1075 2633 1109 2689 ei
1125 2613 1455 2710 observantiarum,

397 2762 466 2838 qne
491 2736 535 2808 dc
560 2750 681 2809 cetero
707 2735 900 2810 obseruari
918 2734 1046 2808 debant
1070 2743 1228 2822 velnon
1252 2735 1391 2810 debant.

448 2853 733 2927 Consuetudines
760 2879 834 2926 non
861 2853 1047 2951 alegentur
1072 2868 1197 2927 contra
1213 2857 1290 2927 iura
1312 2857 1460 2954 scripta,

398 2999 465 3046 nee
492 2973 538 3045 ad
556 2997 623 3046 eas
650 2973 854 3073 probandas
874 2975 1066 3071 recipiatur
1083 2974 1270 3073 probatio,
1287 2976 1356 3047 nisi
1372 2999 1460 3073 qua-

399 3106 503 3164 tenus
540 3093 745 3190 reperiatur
781 3093 820 3162 in
857 3093 999 3190 scriptis
1025 3088 1095 3162 hoc
1133 3095 1212 3163 iure
1249 3073 1458 3193 inunicipali

398 3223 555 3282 cautum.
581 3211 636 3282 Ex
661 3213 891 3309 possessione
918 3222 1038 3282 tamen
1055 3225 1282 3308 presumatur
1298 3213 1380 3310 quis
1396 3212 1458 3282 ha-

399 3329 488 3400 bere
515 3328 729 3417 dominium,
751 3327 821 3400 nisi
846 3341 973 3400 contra
998 3331 1315 3426 presumptionem
1338 3329 1460 3428 predi·

400 3459 495 3518 ctam
521 3446 713 3546 probetur,
732 3471 816 3518 cum
832 3444 1006 3520 hactenus
1024 3450 1073 3521 ita
1090 3446 1202 3520 fuerit
1218 3447 1458 3521 observatum.

346 3637 349 3641 .
452 3561 694 3638 Observentur
734 3567 843 3638 etiam
867 3566 1158 3638 consuetudines
1188 3567 1389 3666 generales,
1415 3566 1461 3638 de

402 3681 534 3778 quibus
553 3680 595 3754 fit
611 3685 749 3784 mentio
769 3684 805 3753 in
824 3681 939 3783 gloxis
958 3685 1046 3756 iuris
1063 3686 1192 3778 civilis,
1216 3700 1254 3759 et
1277 3710 1348 3783 que
1377 3683 1460 3756 bac-

402 3814 505 3874 tenus
544 3798 691 3874 fuerunt
727 3799 933 3897 observate,
961 3805 1054 3876 inter
1092 3829 1180 3903 qrsas
1217 3806 1324 3878 etiam
1361 3829 1459 3876 cnm-

403 4075 421 4117 s
449 4058 664 4152 nexcogilatiui
681 4068 759 4136 (Coit
777 4073 806 4123 u.
827 4066 857 4123 19
875 4069 958 4136 tntu:
1011 4073 1014 4078 “
