3386 5122
1214 290 1261 364 li

263 409 396 486 LXIX.
424 405 590 504 Qualiter
609 420 769 508 potestus
784 421 950 480 tenentur
972 405 1149 502 doregele
1170 431 1262 506 pro·

213 531 401 602 motionem
426 551 528 602 sunm
553 543 587 598 et
612 531 773 602 comunis
792 524 998 604 ,Mediolani
1021 549 1092 598 non
1122 521 1265 598 siddim

213 642 356 720 hubeuti
378 649 598 744 questionem
622 647 684 716 ool
707 646 985 718 controversiam
1011 663 1093 716 cnm
1120 640 1264 717 subdito

212 763 456 838 tmisds'ononi
482 761 686 835 Mediolani.

263 879 301 952 Si
317 880 484 954 subditus
510 879 745 955 iurisdictioni
768 880 905 954 domini
924 881 1112 979 potestatis
1128 877 1266 956 Medio·

148 1075 151 1082 Δ
212 999 284 1072 lani
300 999 388 1072 velit
401 1023 545 1082 movere
557 996 713 1094 aliquem
727 1022 891 1090 causam,
906 997 1026 1090 litem,
1043 999 1265 1095 questionem

210 1115 280 1192 rel¹
295 1117 574 1190 controversiam
600 1129 725 1191 contre
752 1116 907 1214 aliquem
933 1129 1138 1215 exemptum
1160 1140 1182 1186 n
1202 1115 1265 1190 do

212 1233 309 1310 mino
334 1231 603 1334 archiepiscopo
629 1233 879 1326 Mediolanii,
902 1235 1017 1334 possit
1042 1234 1162 1308 dictus
1183 1231 1266 1306 sub·

211 1351 307 1424 ditus
322 1351 550 1426 denuntiare
579 1352 678 1426 dicto
705 1364 887 1452 exempto,
913 1351 1012 1450 quod
1038 1363 1092 1424 est
1115 1361 1264 1451 peintus

212 1490 250 1546 se
276 1483 314 1546 et
339 1470 417 1545 iura
441 1495 504 1544 sun
530 1468 691 1544 fatientiu
721 1471 768 1544 nd
800 1469 931 1544 dictum
957 1491 1119 1560 caueam,
1137 1470 1266 1561 llitem,

211 1590 437 1687 questionem
464 1601 502 1662 et
526 1593 808 1662 controversiam
838 1590 1015 1662 comitere
1040 1587 1085 1660 dc
1110 1591 1187 1660 iure
1212 1587 1266 1660 di·

211 1707 403 1804 spositioni
429 1718 468 1780 et
492 1705 642 1779 arbitrio
662 1706 892 1780 dominorum
909 1707 1201 1806 iurisperitorum
1219 1704 1266 1776 de

212 1823 365 1928 collegio
391 1825 553 1898 iudicum
578 1825 796 1918 Mediolani,
817 1847 972 1924 quorum
990 1849 1081 1896 unus
1100 1824 1267 1925 clligutur

212 1967 276 2042 per
300 1945 418 2043 ipsum
444 1941 643 2035 subditum,
661 1965 769 2041 quesn
791 1945 955 2016 nominet
978 1953 1048 2044 pto
1073 1967 1137 2014 sua
1162 1955 1268 2041 porte

212 2067 249 2138 in
276 2066 354 2163 ipsa
381 2063 674 2152 denuntiatione,
692 2075 732 2132 et
748 2063 848 2161 quod
865 2062 941 2162 ipse
958 2077 1145 2163 exemptus
1162 2081 1267 2134 suum

212 2183 456 2282 iurisperitum
471 2179 593 2279 elligat
610 2193 648 2252 et
665 2183 830 2253 nominet
843 2178 932 2252 inim
950 2181 1156 2280 quindecim
1170 2180 1266 2270 dies;

210 2324 281 2400 qun
307 2299 579 2372 denuntiatione
604 2298 696 2370 iacta
723 2295 814 2371 inim
840 2299 940 2398 ipsos
964 2299 1171 2396 quindecim
1188 2297 1267 2370 dies
1334 2387 1337 2394 λ

210 2417 308 2492 adio
326 2417 423 2490 dicte
439 2416 734 2508 denuntiationis,
746 2416 837 2490 alius
855 2418 1084 2516 iurisperitus
1102 2416 1268 2514 elligatnr

210 2549 248 2610 et
271 2538 478 2610 nominetur
502 2559 570 2636 per
595 2536 731 2608 dictum
753 2549 958 2634 exemptum
976 2559 1044 2634 pro
1059 2554 1127 2606 sua
1144 2547 1268 2634 parte,

86 2683 89 2690 ⁴
210 2667 247 2726 et
272 2655 309 2728 in
336 2679 399 2728 eos
425 2653 487 2726 sint
512 2656 814 2754 compromissum
832 2653 924 2726 inira
941 2655 1041 2754 ipsos
1058 2654 1268 2752 quindecim

210 2771 292 2846 dies'
310 2772 356 2844 dc
380 2774 459 2844 iure
487 2784 626 2845 tontum
637 2827 648 2864 ,
666 2783 702 2845 et
724 2772 822 2870 quod
841 2775 1140 2871 compromissum
1157 2771 1267 2844 duret

208 2915 399 2988 quousque
424 2893 504 2990 ipsa
529 2913 661 2982 causa,
684 2893 844 2988 questi0,
871 2890 914 2962 lis
939 2891 995 2962 vel
1022 2892 1267 2964 controversie
1294 2905 1298 2913 '

209 3007 319 3084 itterit
343 3007 517 3100 diffinita,
544 3008 600 3080 vel
627 3021 739 3110 prout
765 3021 887 3109 partes
918 3011 1166 3082 convenerint.
1195 3009 1267 3097 Qui

210 3128 406 3228 iurisperiti
433 3153 500 3227 per
524 3126 651 3224 ambas
676 3141 798 3227 partes
825 3127 945 3200 ellecti
966 3153 1106 3200 causam
1119 3185 1130 3220 ,
1148 3127 1269 3219 litem,

210 3249 437 3343 questionem
475 3246 532 3319 vel
571 3248 857 3318 controversiam
895 3247 1072 3319 dicturum
1112 3248 1267 3345 portium

210 3366 432 3456 examinent,
458 3363 636 3437 diffiniant
658 3377 694 3436 et
710 3364 973 3456 determinent,
994 3365 1191 3436 secundum
1211 3365 1268 3436 ius

214 3605 232 3650 t
257 3601 335 3654 Petet
356 3599 531 3669 mestissime
546 3609 583 3658 ει
600 3600 645 3656 liis
660 3600 754 3658 vorbis
769 3605 869 3658 statute
886 3602 953 3668 ists,
970 3599 1067 3656 satum
1083 3615 1117 3654 ex
1133 3604 1261 3669 parton

286 3683 409 3740 iohanne
422 3686 590 3740 vicecomite
600 3685 809 3757 archiepiscopo
821 3689 850 3740 et
859 3685 971 3740 domino
988 3683 1137 3740 Mediolani
1151 3685 1263 3746 conduc

287 3772 317 3822 et
327 3767 384 3823 late
399 3769 484 3824 lonso
503 3786 528 3826 n.
544 3784 662 3838 nocem,
679 3785 742 3825 cum
757 3786 849 3826 sermo
864 3770 926 3824 heic
943 3768 1077 3824 hahentur
1092 3768 1128 3823 de
1144 3767 1262 3842 simplici

286 3853 433 3924 inponi
454 3853 653 3910 iurisdictione.
679 3855 756 3910 ticet
779 3871 846 3910 vero
864 3853 963 3910 utem
980 3857 1080 3911 memte
1098 3853 1263 3910 correctioni

287 3938 612 4006 pontensubincnissont‚
633 3939 812 3994 nihilominus
836 3939 975 4013 quaedam
997 3939 1183 4011 entiqniorum
1201 3939 1263 3994 loce

288 4021 318 4076 in
341 4038 446 4078 norum
463 4024 589 4080 codicem
606 4024 781 4080 inemendata
797 4024 841 4080 rel
855 4024 935 4080 novis
945 4025 1117 4096 temporibus
1132 4023 1263 4094 reipubli-

288 4121 393 4178 caeqne
410 4108 561 4164 conditioni
578 4109 765 4180 inopportune
780 4107 961 4179 irnpsernnt.
