3386 5122
1215 297 1256 368 st

209 410 368 483 habeant
392 407 679 479 iurisdictionem
706 409 744 480 in
769 407 849 498 hiis,
866 433 938 506 que
964 422 1049 481 sunt
1076 411 1173 484 misti
1198 413 1265 484 im-

170 519 174 526 ’
208 529 304 628 perii
328 539 366 598 et
390 524 565 624 simplicis
593 524 871 617 iurisdictionis,
901 541 938 598 et
963 529 1106 626 possint
1135 523 1204 628 ipsi
1229 542 1267 601 et

209 645 365 745 quilibet
389 669 516 716 eorum
540 643 688 716 decreta
714 656 753 715 et
778 647 1013 718 auctoritates
1036 649 1267 746 interponere

206 767 244 835 in
268 787 499 861 quacumque
526 774 631 860 parte
656 762 832 851 civitatis,
858 763 1062 854 districtus,
1087 764 1267 854 diocexis,

209 883 399 952 comitatus
424 891 462 950 et
485 877 952 950 iurisdictionislllediolani

260 997 395 1068 LXXI.
423 997 478 1067 De
502 995 635 1068 eodem.

259 1113 447 1186 Consullm
472 1115 609 1184 iustitie
635 1113 833 1185 Mediolani
853 1121 873 1162 Α
897 1117 970 1186 sint
994 1140 1077 1207 sex,
1110 1141 1266 1216 quorum

207 1231 283 1304 duo
310 1231 383 1304 sint
406 1233 624 1329 iurisperiti,
654 1244 692 1302 et
718 1230 756 1300 in
781 1230 944 1304 absentia
974 1232 1124 1309 alterius
1149 1257 1190 1304 ex
1214 1236 1267 1306 eis

209 1349 434 1422 cousullibus
458 1350 575 1448 possit
600 1349 691 1420 alter
716 1373 761 1419 ex
784 1351 836 1422 eis
866 1350 1089 1422 consullibus
1116 1375 1270 1451 presens

211 1471 306 1540 vices
330 1467 478 1538 alterius
503 1491 654 1564 gerere3
680 1479 718 1537 et
741 1466 849 1538 duret
873 1491 1000 1540 eorum
1025 1465 1179 1540 offitium
1201 1493 1268 1569 per

211 1610 352 1658 menses
377 1610 460 1674 sex,
486 1597 526 1658 et
545 1587 611 1682 qui
628 1583 739 1656 luerit
754 1587 835 1683 ipso
852 1598 1015 1686 tempore
1030 1585 1177 1676 consul,
1193 1613 1269 1660 uon

211 1706 330 1803 possit
353 1728 432 1776 esse
458 1705 497 1774 in
522 1697 757 1800 sequentibus
782 1727 845 1774 sex
867 1702 1053 1774 mensibus
1075 1697 1268 1801 proximis3

211 1833 251 1892 et
276 1821 432 1894 habeant
456 1823 528 1920 ipsi
549 1821 748 1918 iurisperiti
764 1846 833 1919 pro
850 1845 978 1892 eorum
997 1821 1140 1892 sallario
1158 1820 1268 1894 libras

210 1939 501 2038 vigintiquinque
520 1938 766 2029 tertiolorum,
789 1950 827 2010 et
843 1937 934 2038 layci
952 1937 1059 2010 libras
1076 1939 1268 2013 duodecim

211 2055 440 2128 tertiolorum
466 2055 505 2126 in
530 2055 701 2154 predictis
729 2080 790 2126 sex
815 2057 999 2128 mensibus
1017 2083 1086 2156 pro
1106 2056 1270 2154 quolibet

211 2200 339 2246 eorum
373 2173 419 2246 de
452 2199 560 2246 avere
594 2176 763 2274 comunis·
793 2173 1014 2266 Mediolani,
1045 2174 1177 2272 quibus
1208 2175 1271 2248 siat

210 2292 357 2365 sollutio
377 2292 423 2364 de
441 2316 565 2364 mense
585 2292 623 2362 in
641 2318 824 2385 mensem,
842 2307 883 2365 ut
900 2291 942 2364 sit
959 2292 1038 2364 aliis
1055 2291 1268 2364 offitialibus

210 2435 353 2484 camere
382 2413 548 2482 comunis
581 2409 804 2500 Mediolani;
836 2425 874 2483 et
898 2413 1040 2510 possint
1073 2413 1269 2511 iurisperiti

211 2532 378 2627 accipere
403 2527 451 2601 de
476 2529 738 2602 subscribendo
762 2531 994 2602 auctoritates
1013 2543 1051 2601 et
1069 2530 1215 2603 decreta
1231 2544 1270 2602 et

211 2649 410 2720 sententias
427 2647 633 2746 imperiales
655 2673 717 2720 sex
734 2674 802 2747 pro
820 2647 984 2744 qualibet
1005 2647 1269 2749 subscriptione

212 2777 251 2837 et
275 2790 351 2836 non
375 2763 494 2855 ultra,
520 2777 559 2838 et
583 2791 658 2836 non
683 2768 797 2864 possit
821 2766 927 2838 alicui
952 2766 1105 2838 consulli
1129 2768 1271 2838 comitti

210 2882 331 2981 aliqua
350 2885 491 2982 questio
507 2889 538 2975 ¹,
564 2883 621 2956 vel
644 2886 681 2954 in
707 2886 839 2956 sotium
865 2887 999 2956 assunu
1018 2911 1086 2983 per
1111 2882 1268 2982 aliquem

214 2999 416 3072 consullem
434 3003 582 3094 iustitie,
599 3004 709 3074 etiam
735 3002 781 3074 de
807 3001 993 3073 voluntate
1017 3004 1187 3102 partium,
1205 3002 1272 3073 sub

213 3247 233 3320 i
257 3269 414 3328 cmm
435 3272 557 3328 ranna
581 3271 744 3328 marm
766 3269 947 3343 nomm
962 3272 1108 3328 mum
1124 3271 1260 3326 muron-

287 3356 416 3412 umnam
439 3357 620 3424 electionem,
636 3356 728 3410 officia
744 3360 774 3412 et
790 3356 867 3424 inre,
882 3357 922 3411 ita
938 3356 1041 3410 mhdit:
1063 3378 1075 3402 ι
1094 3360 1129 3410 st
1144 3355 1216 3409 sieut
1232 3355 1262 3408 in

291 3461 306 3488 ι
324 3445 411 3496 Roma
428 3457 447 3495 x
463 3441 517 3496 riri
533 3441 646 3495 virtuosi
663 3441 799 3510 regebant
815 3441 928 3509 urum,
940 3447 970 3495 et
985 3456 1002 3496 s
1016 3455 1132 3494 numeru
1148 3439 1263 3492 denarm

289 3547 305 3572 ι
322 3522 1264 3592 didimntdseenriri,itsistlxnemsolesannmerodietismt

292 3611 481 3680 ιάωάοάιι,
498 3611 919 3686 quornmaliqualsvestigimu
935 3607 1264 3680 adtncspparetiolise

292 3718 306 3742 ι
323 3697 433 3752 mritis
449 3713 538 3772 usqne
555 3697 585 3752 in
600 3700 758 3768 presentem
773 3697 863 3763 mem,
880 3696 947 3770 quis
963 3694 1051 3768 aliqui
1073 3692 1205 3748 officiales
1221 3693 1264 3748 ‹ti-
1304 3757 1310 3768 ι

292 3803 306 3828 ι
322 3787 425 3836 mutor
447 3782 608 3850 duodecim
628 3787 658 3838 st
674 3781 779 3837 habent
802 3780 922 3852 speciale
947 3779 1078 3850 palatium
1101 3778 1131 3833 in
1156 3779 1264 3833 bmlsto

291 3865 565 3938 »mrhqmm
587 3865 937 3936 offlmedconputm
963 3885 978 3913 s
1004 3863 1128 3927 (Cim.
1153 3863 1314 3938 ndu„

292 3964 353 4020 ns-
370 3953 440 4019 evo

215 4037 633 4106 lullotaquodnonpotost
650 4035 746 4090 comiti
762 4034 981 4106 aliquaquesuo
999 4033 1203 4090 alimioonsnli
1221 4031 1262 4084 iu·

292 4145 305 4166 ι
323 4120 399 4174 stitis
417 4143 431 4168 ι
448 4123 535 4186 (Noto
550 4121 582 4175 ἐκ
600 4121 666 4176 oot.
684 4123 836 4188 &ll-¹²¹¹·
854 4121 907 4183 rol.
1024 4127 1027 4131 ·
