3416 5054
1249 323 1315 392 lll

315 437 422 510 CLV.
453 436 506 508 De
521 461 617 534 perra
640 433 800 536 <stillulis
817 435 1054 537 delinquentis
1068 441 1106 506 iu
1118 427 1230 536 offilo
1248 463 1325 510 suo.

316 559 448 630 Omnes
475 551 644 626 offitiales'
661 555 924 650 cuiuscumque
947 555 1121 624 maneriei
1145 553 1328 654 appellen·

266 691 342 769 tur,
369 677 434 772 qui
459 673 684 773 reperientur
707 670 917 769 delinquere
936 673 973 742 in
991 697 1119 743 eorum
1136 666 1253 744 offitio
1270 674 1328 747 uel

264 795 426 892 recipere
440 799 621 892 mayoreiu
635 787 862 880 solutionem,
878 815 986 887 quam
1000 791 1050 862 eis
1062 814 1272 862 concessum
1284 794 1330 865 sit

264 936 330 1010 per
348 923 482 982 statuta
499 910 661 980 comunis
681 907 888 996 Mediolani,
908 908 1223 1007 condempnentur
1240 936 1328 1007 qua-

266 1029 354 1102 libet
378 1031 456 1100 vice
482 1053 553 1124 qua
580 1025 856 1106 contrafecerint
873 1027 910 1096 in
928 1025 1028 1098 libris
1044 1027 1331 1126 vigintiquinque

269 1147 492 1220 tertiolorum
521 1171 589 1243 pro
621 1143 786 1241 quolibet
810 1169 959 1234 eorum,
979 1156 1017 1217 et
1043 1145 1123 1244 plns
1150 1159 1186 1218 ot
1211 1149 1328 1218 minus

265 1268 429 1364 inspecta
455 1263 626 1359 qualitate
651 1259 754 1352 lacti,
771 1274 808 1332 et
825 1261 1038 1333 adhibeatur
1056 1260 1146 1334 fides
1174 1287 1331 1362 conque-

265 1385 363 1462 renti·
386 1407 449 1455 seu
475 1383 680 1452 accusatori
707 1403 789 1452 cnm
816 1405 888 1450 uno
915 1393 1007 1452 teste
1025 1378 1097 1452 fide
1116 1381 1226 1480 digno
1244 1407 1328 1452 cum

242 1507 495 1574 'sacramento
528 1525 673 1589 corum,
700 1513 736 1570 et
761 1498 914 1596 quilibet
940 1500 1055 1596 possit
1088 1503 1259 1571 accusare
1293 1512 1330 1572 et

266 1617 399 1692 habeat
429 1617 659 1690 medietatem
695 1615 1057 1714 condempnationis,
1096 1629 1133 1688 et
1165 1617 1331 1716 predicta

265 1732 387 1833 quoad
413 1758 543 1834 penam
570 1758 644 1805 non
670 1732 828 1806 habeant
853 1733 971 1804 locum
1003 1736 1041 1804 in
1067 1733 1138 1806 illis
1165 1734 1329 1826 casibus,

268 1855 304 1926 in
322 1853 456 1952 quibus
469 1853 558 1924 alias
576 1877 643 1951 per
656 1864 789 1924 statuta
808 1853 989 1951 presentia
1007 1865 1105 1924 certa
1119 1877 1210 1951 pena
1228 1851 1332 1925 aliter

267 1983 324 2044 est
349 1973 533 2072 imposita.

319 2088 444 2161 CLVI.
461 2090 569 2188 Quod
569 2087 766 2190 fhrasterii
788 2115 862 2163 non
878 2105 1075 2162 exerceant
1092 2087 1243 2192 ‹ffltium
1256 2116 1329 2191 pro

265 2214 431 2300 cantani,
449 2213 521 2280 nisi
545 2213 618 2280 sint
642 2212 827 2281 constituti
839 2235 909 2306 per
925 2208 1110 2280 dominum
1130 2207 1330 2282 Mediolani
1368 2207 1372 2216 ’

266 2332 329 2398 ael
347 2353 418 2427 per
443 2323 594 2428 officim
614 2331 885 2427 proviacionum.

314 2443 445 2516 Nullus
463 2444 670 2517 foresterius
689 2447 802 2545 possit
819 2469 987 2516 exercere
1005 2445 1152 2542 aliquod
1174 2443 1330 2517 olfitium

267 2566 304 2634 in
330 2564 475 2634 civitate
499 2562 557 2634 vel
583 2564 772 2655 comitatu,
791 2564 973 2654 districtu,
991 2564 1130 2635 diocexi
1146 2562 1204 2635 vel
1226 2565 1330 2634 iuris—

267 2681 424 2752 dictione
442 2680 641 2754 Mediolani
660 2707 728 2780 pro
746 2683 890 2752 comuni
904 2681 1120 2774 Mediolani,
1138 2683 1207 2754 nisi
1225 2681 1331 2754 fuerit
1358 2773 1360 2775 ‚

265 2801 482 2870 constitutus
500 2823 565 2897 per
585 2800 768 2871 dominum
787 2799 982 2871 Mediolani
999 2800 1057 2871 vel
1077 2798 1231 2871 offitium
1249 2825 1332 2899 pro-

266 2916 471 3009 visionum,
498 2915 565 2987 sub
590 2941 682 3014 pena
716 2915 889 2988 librarum
915 2918 1172 3015 quinquaginta
1205 2919 1330 2989 tertio·

267 3035 402 3127 lorum,
427 3037 465 3108 in
492 3060 601 3132 quam
626 3059 757 3134 penam
783 3033 1003 3106 solvendam.
1022 3036 1105 3134 Ipso¹
1128 3033 1224 3108 facto
1254 3037 1330 3108 sine

266 3153 387 3252 aliqua
413 3154 742 3252 condempnatione
767 3154 936 3224 incurrat.
990 3204 993 3212 -

317 3271 458 3344 CLVII.
481 3273 536 3346 De
556 3295 654 3372 pena
679 3269 842 3344 babentia
864 3269 1017 3374 (fficium
1040 3288 1168 3346 cotnra
1184 3286 1328 3344 statuta.

315 3391 543 3488 Quicumque
575 3391 797 3462 accusaverit
828 3390 883 3462 vel
909 3391 1148 3464 notificaverit
1174 3391 1330 3489 aliquem

266 3507 402 3582 habere
426 3508 582 3581 offitium
609 3521 736 3580 contra
761 3519 896 3581 statuta
916 3494 937 3581 a
954 3522 1132 3610 potestate
1143 3522 1186 3580 ,et
1203 3535 1224 3579 a
1243 3511 1330 3606 qno-

267 3651 424 3724 cumque
449 3627 542 3720 alie,
570 3639 737 3700 teneatur
776 3679 1078 3697 .........
1108 3640 1144 3698 ot
1169 3639 1330 3728 potestas

266 3744 495 3816 medietatam
530 3770 624 3844 pene
659 3748 859 3818 accusatori
898 3769 961 3816 seu
1000 3742 1219 3818 notificatori-
1254 3745 1332 3818 dari

268 3861 379 3937 fatiat.

316 3973 474 4053 CLVIII.
503 3981 613 4078 Quod
635 3985 762 4054 elerc'ci
785 4007 859 4054 non
884 3973 1039 4056 habeam
1062 3979 1228 4084 offiium.

310 4097 444 4174 ¹Nullus
480 4099 634 4170 clericus
666 4099 721 4171 vel
751 4101 813 4196 qui
840 4124 878 4171 se
904 4124 970 4198 pro
998 4099 1135 4172 'clerico'
1162 4097 1331 4171 defendat
