3338 5042
417 244 488 318 ton

410 357 531 433 faeere
558 361 594 430 in
620 382 846 490 quacumque
871 373 982 458 parte
1002 358 1153 438 voluerit
1179 357 1310 451 libere,
1336 370 1412 432 tute
1433 369 1474 432 et

411 477 556 575 impune
582 491 618 549 et
645 477 721 550 sine
747 477 929 550 solutione
955 476 1105 549 alicuius
1131 475 1231 552 datii.
1297 544 1300 554 .

462 593 634 670 CCLVII.
661 593 716 666 De
740 585 860 696 offitio
866 600 1084 694 perconteris
1091 601 1253 674 comunis
1270 595 1476 668 Mediolani

409 727 634 786 monetarum
659 717 755 800 ami.
866 780 870 796 ,
936 731 938 738 ·
1211 753 1217 784 ·.
1269 757 1272 764 ,
1318 751 1320 785 :

461 829 618 920 Quilibet
643 844 814 944 pensator
837 833 1002 904 comunis
1019 787 1225 910 Mediolani
1240 840 1471 908 monetarum

410 952 488 1024 auri
512 963 677 1044 teneatur
701 950 836 1025 habere
854 965 891 1024 et
915 965 1040 1024 tenere
1063 949 1245 1026 balanzias
1262 957 1280 1001 l
1295 950 1410 1024 bonas
1430 965 1471 1022 et

411 1070 518 1152 iustas
536 1081 574 1140 et
592 1069 688 1142 bene
705 1070 860 1166 equales,
880 1082 916 1140 et
934 1071 1143 1167 campiones
1151 1068 1270 1144 boans
1287 1082 1330 1142 et.
1339 1071 1469 1162 iustos,

409 1199 449 1260 et
479 1198 642 1272 teneatur
675 1185 837 1282 qualibet
868 1187 925 1261 die
957 1207 1137 1284 coequato
1175 1185 1387 1264 balaonem.
1408 1163 1469 1258 ,sic

411 1303 510 1398 quod
531 1323 607 1387 uon
633 1301 795 1402 pendant
810 1302 892 1402 plus
910 1301 1166 1412 aliquae-,parte
1188 1313 1295 1402 q‘unm
1313 1304 1359 1376 ab
1377 1302 1466 1393 alia,

410 1433 447 1492 et
480 1422 550 1492 hoc
593 1422 660 1494 sub
701 1447 794 1520 pena
834 1420 1020 1493 soldorum
1056 1422 1296 1520 quadraginta
1332 1421 1468 1496 tertiel.

411 1539 570 1636 qualibet
594 1542 686 1632 viee,
693 1566 774 1638 iqua
799 1541 978 1620 inventus·
974 1537 1097 1644 luerit
1109 1536 1241 1618 habere
1266 1539 1468 1614 balanaetas

410 1655 593 1755 inequales
619 1671 656 1731 et
680 1660 888 1758 campiones
913 1660 1130 1738 ιιιιιιιιιιι,-,ι

460 1775 553 1849 Item
580 1789 744 1849 teneatur
768 1799 922 1908 [tensare
945 1774 1093 1852 cuilibet
1111 1776 1249 1854 uolenti
1269 1774 1467 1874 quamlibet

410 1907 595 1970 monetam
628 1897 704 1966 auri
731 1896 1004 1992 cuiuscumque
1030 1894 1214 1994 ponderis
1231 1907 1268 1970 et
1293 1894 1467 1994 sigillare,

409 2013 577 2088 habendo
609 2011 734 2112 imper.
769 2037 839 2092 sex·
860 2035 927 2110 pro
960 2011 1125 2110 quolibet·
1154 2015 1362 2089 centenario
1398 2038 1466 2112 pro

410 2129 645 2231 ponderando
673 2143 709 2203 et
735 2129 924 2236 sigillando
931 2183 946 2222 ,y
962 2143 1009 2206 ¹et
1032 2141 1116 2208 uen'
1131 2129 1241 2220 ultam
1269 2143 1306 2204 et
1330 2132 1361 2202 si
1378 2156 1466 2202 eon·

411 2249 611 2342 defecerit,
637 2249 925 2348 condempnetur
950 2249 990 2324 ιιιΙ
1011 2249 1110 2326 libris
1143 2250 1304 2347 quinque.
1335 2248 1466 2320 tertiol.
1585 2285 1589 2292 ·

406 2366 574 2467 'qualibet
591 2369 668 2440 vice
689 2393 759 2463 qua
778 2365 1243 2468 contrafecerit,.medietas
1259 2369 1361 2438 euius
1373 2391 1467 2465 pene

411 2489 458 2558 sit
483 2487 699 2558 accusatoris
726 2498 764 2558 et
788 2484 1067 2577 denuntiatoris,
1085 2499 1121 2556 et
1137 2484 1204 2556 alia
1229 2485 1404 2558 medietas
1422 2487 1469 2558 sit

332 2599 334 2604 ’
410 2605 573 2681 comunis
598 2602 809 2694 Mediolani,
836 2616 873 2678 et
898 2602 1108 2710 adhibeatqr
1135 2601 1229 2678 ¹fides
1263 2605 1468 2676 accuratori

409 2719 467 2797 vel
491 2720 733 2794 denuntiatori
758 2745 840 2792 cum
866 2722 942 2792 eius
960 2701 1187 2798 sacramento
1214 2733 1251 2794 et
1276 2746 1348 2794 uno
1375 2733 1468 2792 teste

409 2837 605 2938 lidediguo
988 2857 990 2862 ·
1072 2853 1075 2860 ’
1588 2821 1590 2826 ’

458 2959 603 3029 Item
576 2983 605 3030 ιι
630 2954 784 3056 aliquis
775 2959 878 3030 iverit
894 2958 939 3030 ad
959 2907 1141 3035 banchum
1167 2907 1375 3056 pensatoris.
1385 2982 1468 3055 οιιιιι

409 3071 591 3172 aliquibus
609 3073 766 3167 florenis,
778 3075 917 3151 ducatis
930 3075 1010 3148 vel
1001 3077 1170 3175 mnuyuis
1176 3075 1339 3174 sigillatis
1348 3073 1468 3172 sigillo

410 3193 573 3276 comunis
599 3193 813 3285 Mediolani,
832 3206 869 3266 et
890 3194 926 3264 iu
947 3194 1130 3292 presentia
1157 3193 1245 3267 dieti
1270 3183 1469 3291 pensatoris

410 3310 656 3411 disigillaverit
690 3310 828 3408 aliquos
862 3310 1028 3383 denarios
1058 3314 1135 3384 auri
1162 3311 1325 3408 sigillatis
1344 3309 1469 3407 'sigillo

410 3430 495 3514 dieti
521 3430 683 3500 comunis
709 3454 776 3528 pro
802 3427 960 3502 fatiendo
979 3428 1127 3528 aliquod
1145 3442 1414 3528 pagamentum,
1433 3441 1470 3502 et

409 3551 440 3620 si
467 3551 633 3632 inventus
658 3544 768 3618 luerit
793 3547 923 3643 aliquis
942 3547 1111 3620 denarius
1138 3547 1247 3619 falsus
1268 3544 1325 3618 vel
1343 3559 1470 3643 ruptus

408 3665 466 3738 vel
491 3691 564 3738 non
590 3668 672 3738 iusti
699 3667 880 3765 ponderis·
899 3665 1099 3741 seeundum
1126 3665 1262 3738 dictum
1296 3663 1470 3762 sigillum,

407 3784 509 3880 quod
526 3784 642 3856 dictus
660 3770 1009 3883 pensator'teneatur
1022 3785 1068 3855 ad
1081 3767 1349 3858 restitutionem
1361 3782 1470 3853 totius

309 4072 311 4076 .
409 4043 426 4084 a
454 4033 640 4088 «balanzetas
656 4033 743 4088 bonas
762 4054 775 4082 ι
794 4036 844 4103 (Ia
862 4035 924 4088 Cod.
943 4033 1023 4100 eod).
