3386 5122
409 289 457 360 22

407 399 628 472 notariorum
654 421 699 466 ne
726 398 805 495 quis
832 399 894 486 sit,
912 396 974 492 qui
1001 395 1171 467 fueritin
1198 395 1319 492 aliquo
1349 391 1464 468 offitio
1492 399 1495 403 ’

406 515 609 586 communis
633 512 828 586 Mediolani
845 513 937 584 infra
960 539 1074 585 annos
1101 526 1174 586 tres
1200 514 1364 614 proxime
1380 537 1464 610 pre-

406 635 534 705 teritos
561 657 582 702 a
607 631 666 703 die
700 634 873 731 introytus
901 633 955 702 sui
982 632 1164 728 regiminis
1190 630 1246 704 vel
1278 627 1404 721 offitii,
1428 643 1468 704 et

407 753 443 825 in
470 776 543 849 quo
569 750 746 848 regimine
772 775 844 820 non
872 751 918 820 sit
944 748 1070 846 aliquis
1094 748 1280 846 expulsus,
1298 747 1467 818 bannitus

405 867 692 941 velconsrnatus
719 867 765 939 de
792 879 886 937 terra
912 885 990 938 sua.¹
1014 867 1087 955 Qui
1112 879 1271 964 potestas
1302 879 1468 939 teneatur

404 987 526 1058 venire
552 997 590 1060 et
615 1008 695 1056 esse
722 987 758 1056 in
784 986 928 1056 civitate
944 982 1152 1056 -lllediolani
1181 1009 1263 1055 cum
1300 996 1375 1059 tota
1402 1008 1466 1056 sua

406 1102 552 1175 familiia
577 1127 646 1201 per
672 1101 818 1200 aliquod
844 1116 985 1202 tempus
1003 1113 1086 1175 aute
1106 1101 1306 1200 introytum.
1328 1103 1383 1175 sui
1408 1125 1466 1174 re-

407 1223 566 1318 gimim,
580 1233 617 1292 et
634 1220 686 1291 ibi
704 1235 799 1292 stare
817 1245 884 1319 per
900 1233 1017 1292 totum
1037 1232 1177 1317 tempus
1196 1222 1252 1291 sui
1270 1220 1467 1317 regiminis,

407 1352 445 1410 et
469 1339 531 1410 ire-
547 1337 593 1410 ad
620 1337 835 1410 ambasiatas
852 1350 890 1412 et
905 1339 1102 1428 exercitus,
1120 1335 1402 1411 cavatehatas.et
1419 1337 1467 1408 ad

408 1455 493 1528 alias
518 1468 642 1558 partes
668 1455 714 1526 ad
739 1455 959 1528 voluntatem
989 1453 1127 1527 domini
1143 1507 1146 1512 -
1162 1456 1368 1530 communis,
1389 1455 1466 1526 Me-

407 1574 553 1667 diolani,
566 1574 703 1672 absque
717 1599 762 1646 eo
781 1573 881 1672 quod
900 1572 995 1644 ultra
1013 1550 1317 1648 dictumleuduiu
1332 1571 1466 1646 habere
1528 1635 1530 1638 .

405 1694 522 1791 possit
538 1692 597 1764 v'el
614 1694 777 1790 recipere
795 1690 935 1787 aliquid
952 1689 999 1763 de
1016 1715 1124 1764 avere
1141 1693 1309 1764 comunis
1324 1689 1474 1762 Medio-¹

405 1811 477 1882 lani
491 1835 557 1909 per
573 1835 612 1882 se
628 1810 685 1882 vel
697 1833 765 1907 per
778 1807 935 1904 aliquem
951 1808 997 1880 de
1011 1831 1076 1882 sua
1088 1807 1236 1880 lamillia
1251 1807 1306 1880 vel
1323 1804 1467 1880 aliunde

406 1929 524 2025 aliqua
552 1929 743 2000 occasione
761 1926 817 1997 vel
835 1926 945 2000 modo
950 1983 961 2018 ‚
978 1951 1044 2025 per
1062 1925 1250 1998 consilium
1269 1924 1325 2002 vel
1343 1925 1467 2023 aliquo

407 2046 475 2117 alio
502 2044 633 2136 modo,
651 2057 688 2116 et
704 2044 804 2142 quod
831 2069 902 2115 non
928 2047 1045 2142 possit
1070 2045 1148 2143 ipse
1170 2069 1237 2116 nec
1264 2043 1394 2142 aliquis
1419 2042 1467 2117 de

363 2251 368 2263 ι
407 2165 486 2236 eius
511 2161 644 2233 familia
668 2162 807 2234 habere
823 2161 971 2259 aliquod
988 2159 1136 2236 feudum
1153 2186 1220 2236 nec
1242 2161 1381 2260 aliquid
1397 2187 1467 2260 pro

406 2281 570 2382 expensis
606 2305 668 2352 seu
703 2279 772 2352 sub
799 2278 868 2350 alio
897 2281 1002 2352 titulo
1030 2281 1086 2354 vel
1112 2280 1247 2352 collore
1274 2279 1319 2352 ab
1345 2278 1467 2376 aliqua

405 2423 573 2499 persona,
594 2397 746 2498 collegio
767 2397 822 2468 vel
845 2397 1078 2474 universitate
1103 2399 1168 2470 sub
1188 2397 1362 2498 predictis
1380 2423 1467 2497 pen-

405 2520 475 2608 nis,
488 2514 607 2590 eundo
625 2541 692 2615 per
709 2517 922 2588 comitatum
941 2515 1139 2588 Mediolani
1157 2515 1213 2588 vel
1231 2529 1329 2588 extra
1346 2515 1468 2614 aliqua

406 2636 601 2708 occaxione
626 2632 683 2705 vel
709 2633 836 2724 mod03
863 2659 929 2705 nec
946 2636 1060 2732 possit
1076 2634 1211 2708 habere
1229 2634 1372 2731 aliquos
1391 2659 1468 2706 sco·

406 2752 512 2850 pinos
537 2776 604 2823 nec
631 2749 813 2824 candellas
831 2748 877 2822 de
894 2753 1090 2842 communi,
1109 2754 1188 2852 ipso
1214 2764 1334 2824 stante
1358 2751 1395 2822 in
1420 2753 1468 2823 ci-

406 2872 515 2942 vitate
541 2891 608 2940 nec
627 2881 728 2940 extra
746 2870 945 2961 civitatem,
963 2869 1061 2950 salvo
1080 2869 1179 2966 quod
1195 2871 1314 2968 possit
1329 2868 1467 2941 babere
1583 2855 1585 2860 ’

407 2989 444 3058 in
471 2987 616 3068 comuni
642 2987 803 3058 exercitu
836 2987 997 3085 plaustra
1023 2999 1061 3058 et
1087 2987 1214 3060 tendas
1240 3000 1276 3058 et
1295 2987 1467 3076 'bonatios

289 3135 291 3138 ·
327 3104 328 3108 ’
406 3117 442 3175 et
467 3103 613 3174 dischos
648 3115 684 3174 et
718 3105 879 3202 tripodas
911 3117 948 3176 et
980 3106 1176 3204 scopinos2
1204 3130 1249 3179 eo
1281 3117 1467 3203 prestante

404 3221 573 3296 victualia
599 3219 781 3312 bebulcis,
799 3234 837 3294 et
854 3223 923 3293 hoc
941 3220 1009 3293 sub
1027 3209 1144 3321 penna
1168 3222 1341 3294 librarum
1367 3224 1468 3322 quin·

405 3352 595 3443 gentarum
620 3339 849 3411 tertiolorum
875 3342 933 3412 sui
951 3339 1103 3432 sellarii,
1122 3367 1274 3439 quarum
1291 3343 1369 3439 ipso
1388 3342 1466 3412 iure

403 3459 654 3558 compensatio
680 3455 774 3528 lacta
800 3459 864 3550 sit,
891 3470 928 3530 et
954 3459 1055 3559 quod
1080 3461 1118 3530 in
1143 3461 1365 3531 contrarium
1392 3483 1467 3529 non

404 3578 522 3676 possit
547 3576 748 3676 provideri3
776 3587 813 3647 et
830 3589 991 3674 potestas
1009 3589 1047 3649 et
1063 3576 1221 3676 quilibet
1238 3577 1330 3650 alius
1347 3576 1393 3649 de
1418 3575 1467 3656 far

406 3692 502 3764 milia
516 3719 591 3786 sua,
607 3696 670 3792 qui
683 3694 920 3792 postulaverit
940 3694 1038 3792 quod
1054 3696 1175 3793 aliqua
1192 3695 1343 3786 additio,
1366 3695 1468 3766 iunta

406 3810 462 3884 vel
490 3809 637 3883 donatio
664 3813 819 3911 pecunie
846 3810 901 3884 vel
927 3812 1077 3886 alicuius
1104 3816 1157 3887 rei
1183 3814 1251 3886 sibi
1276 3812 1335 3886 vel
1360 3811 1467 3885 alicui

404 3931 450 4003 de
477 3956 540 4002 sua
567 3930 702 4003 familia
728 3934 785 4006 vel
819 3934 878 4004 alii
911 3959 1069 4036 persone
1105 3961 1170 4006 suo
1205 3939 1352 4007 numine
1384 3931 1466 4026 fiat,

405 4049 665 4122 condemnetur
680 4051 831 4124 inlibris
847 4055 1051 4152 quingentis
1067 4053 1241 4127 tertiatio
1257 4080 1322 4127 suo
1336 4053 1465 4126 salario
