3386 5122
345 282 411 332 'viil

340 381 425 460 suis
443 377 618 460 'comitiis
644 376 870 456 constitutas
906 401 1001 454 cum.
1026 378 1096 475 iis,
1131 398 1224 480 quas
1263 385 1396 480 postca

341 505 560 607 principes,
599 504 774 582 libertate
819 503 1045 605 interempta
1083 502 1397 608 reipulrlicaeque

341 633 455 730 clarc
481 637 650 732 arrepto,
687 630 849 708 subditis
880 630 1080 732 paullatim
1111 629 1282 733 prolerre
1306 647 1397 710 ooc-

340 765 494 862 pcrunt,
512 756 721 835 maximnm
734 757 834 834 inter
851 765 1034 858 utrasque
1048 756 1397 860 discrimen'patet3

340 884 434 966 illae
461 883 564 962 enim
592 907 642 961 err
659 883 810 961 civium
821 883 964 985 placito
983 888 1180 960 manantes
1206 907 1275 984 pro
1297 883 1400 985 ipso

344 1035 429 1087 rum
458 1009 659 1087 commodo
686 1016 800 1109 atque
824 1008 1090 1088 incolumitate
1106 1011 1398 1106 condatensem

341 1136 416 1216 hae
443 1160 553 1231 vero,
579 1134 713 1236 populi
739 1135 911 1212 universi
936 1135 1098 1212 utilitate
1120 1141 1398 1236 nonnunquam

345 1261 580 1362 posthabita,
609 1261 657 1338 ad
681 1259 870 1362 principis
897 1261 1033 1361 suique
1060 1261 1220 1338 dominii
1255 1261 1399 1346 utilita-

339 1399 424 1466 tem
452 1386 567 1488 dirigi
589 1386 775 1466 solelrant.
801 1386 1001 1464 Praeterea
1020 1386 1271 1488 provisiones.
1286 1412 1399 1489 praev
1468 1459 1469 1462 a

340 1513 482 1595 sertim
508 1513 558 1592 de
583 1512 818 1592 omnimodis
834 1513 1139 1614 magistratibus,
1168 1513 1400 1610 carceribus,

346 1649 424 1720 arte
468 1638 709 1740 argentaria,
757 1639 1081 1740 negotiationibus
1105 1639 1310 1742 aquisque
1355 1641 1403 1738 ad

335 1767 481 1848 --urhem
514 1771 606 1866 apte:
633 1764 892 1866 perducendis
925 1763 966 1841 in
990 1765 1064 1844 ltoc
1090 1765 1401 1845 lurisdietionum

348 1892 446 1972 libro
479 1891 649 1970 renuitae
683 1897 885 1993 testantur,
919 1914 1000 1992 qna.
1024 1883 1234 1969 'alacritate
1251 1907 1403 1993 quaque

343 2016 548 2118 prudentia
581 2015 737 2117 publica
772 2014 874 2093 salus
906 2016 1128 2117 privataque
1160 2017 1401 2120 :prosperitas

347 2142 571 2246 opportunis
590 2141 765 2243 legibus,
791 2151 904 2244 prout
921 2141 1077 2220 illorum
1103 2150 1404 2245 temporumra-

349 2267 402 2348 tio
423 2276 649 2370 exposceret
667 2276 731 2344 aut
747 2276 965 2369 pateretur,
993 2294 1015 2345 a
1034 2269 1402 2348 maiorihnsnostr‘is

337 2403 629 2496 ‘quaererentur
1206 2463 1209 2466 .

396 2521 501 2600 Novo
528 2523 643 2625 igitur
668 2525 760 2604 huic
787 2523 972 2626 opusculo
992 2547 1041 2600 ex
1057 2523 1319 2601 Ambrosianie
1334 2526 1404 2602 (lo-

336 2647 499 2729 dicibus
526 2651 779 2747 coalescenti,
812 2651 917 2728 bone.
944 2651 1098 2746 lector,
1128 2649 1402 2750 propitiuszar·

348 2773 495 2871 rideas,
522 2777 642 2878 probe
667 2777 793 2854 aciem
829 2777 966 2854 sedula
1000 2776 1129 2876 legum
1158 2776 1332 2872 custodia
1357 2799 1403 2856 ac

346 2900 640 3004 investigatione
656 2903 824 3004 quietem
844 2903 1082 3004 salutemque
1100 2901 1295 3004 publicam
1317 2903 1405 2982 con-

347 3026 480 3125 tineri,
521 3029 729 3131 augerique
767 3032 954 3108 honarum
996 3029 1134 3106 artium
1173 3029 1325 3124 studia3
1366 3039 1404 3106 et

347 3153 461 3234 huius
488 3155 720 3257 Metropolis
746 3158 870 3234 decus
897 3155 1107 3258 praecipue
1139 3156 1288 3258 legibus
1315 3155 1402 3234 latis

349 3279 449 3358 inter
469 3281 571 3358 alias
587 3281 761 3362 civitates
777 3307 925 3360 summa
954 3306 1042 3360 eum
1060 3281 1270 3385 sapientiae
1288 3281 1402 3361 laude

349 3409 451 3507 apud
475 3415 662 3486 nostrates
689 3417 918 3509 exterasque
946 3407 1185 3488 inclaruisse.
1212 3411 1316 3488 Vale.

450 3661 592 3740 Dabam
619 3661 822 3742 lilediolani

403 3785 533 3863 Idibus
560 3788 676 3868 iuniis
703 3791 743 3866 A.
770 3789 806 3866 G.
834 3787 1057 3866 uocccnrux.
