3416 5054
366 288 410 356 ’18

362 400 567 491 Serenam,
583 398 704 472 Trizio
730 413 768 472 et
792 397 975 483 rochetam
1002 401 1050 474 de
1074 401 1238 493 Leucho,
1265 416 1309 482 ,et¹
1327 404 1417 484 alias

361 542 607 615 quascumque
641 515 827 589 fortilizias
862 520 1026 590 comunis
1061 516 1283 611 Mediolani,
1308 536 1355 596 et
1386 525 1417 594 si

361 635 497 732 aliquid
521 632 695 708 deficeret
708 689 719 727 ,
744 649 944 734 procurent
968 636 1150 714 defectum
1177 637 1340 736 suppleri
1365 665 1418 712 se-

361 752 520 824 cundum
557 750 725 824 formam
749 765 965 825 statutorum
1005 755 1168 832 comunis
1189 755 1416 831 Mediolani.

362 868 433 958 Qui
458 870 596 941 domini
622 895 685 942 sex
700 868 867 942 debeant
893 868 1106 944 denuntiare
1132 871 1257 945 eadem
1279 871 1339 944 die
1360 873 1418 946 vel

362 989 528 1086 sequenti
553 985 671 1059 offitio
690 989 941 1086 provisionum
960 990 1123 1060 comunis
1140 989 1339 1062 Mediolani
1358 990 1418 1062 de-

362 1105 509 1195 fectum,
526 1129 636 1202 quem
654 1106 858 1176 invenerint
879 1106 917 1174 in
939 1103 1074 1176 familia
1090 1104 1177 1176 dicti
1195 1105 1334 1178 domini
1351 1131 1417 1206 po-

360 1225 499 1296 testatis
530 1221 587 1294 vel
617 1223 654 1292 ia
681 1221 800 1319 aliquo
826 1221 1076 1320 predictorum
1088 1277 1099 1313 ,
1130 1236 1168 1294 et
1192 1225 1348 1308 retinere
1371 1224 1418 1310 de

361 1341 490 1424 salario
516 1341 704 1438 potestatis
729 1364 841 1438 penas
873 1341 1064 1439 imparitas
1095 1340 1193 1412 dicto
1224 1342 1419 1439 potestati,

362 1460 392 1530 si
417 1458 455 1528 in
480 1456 650 1558 predictis
675 1454 785 1528 fuerit
810 1456 992 1549 delectus,
1025 1457 1192 1532 videlicet
1222 1484 1290 1556 pro
1323 1485 1416 1555 quo-

340 1573 450 1648 libet
483 1575 602 1646 iudice
633 1600 705 1645 non
738 1575 885 1648 invento
918 1573 998 1646 libr.
1034 1575 1156 1648 decem
1189 1577 1417 1650 tertiolorum

361 1692 519 1792 qualibet
544 1693 646 1782 vice,
680 1717 748 1790 pro
782 1691 945 1790 quolibet
976 1693 1089 1768 milite
1122 1693 1241 1766 soldos
1272 1706 1419 1781 centum

363 1809 602 1902 tertiolorum,
621 1835 688 1908 pro
707 1809 869 1907 quolibet
885 1810 1079 1882 domicello
1096 1810 1220 1896 soldos
1235 1813 1420 1909 sexaginta

363 1928 611 2019 tertiolorum,
638 1953 705 2026 pro
736 1927 902 2027 quolibet
926 1927 1123 2000 schutifero
1149 1929 1269 2000 soldos
1292 1931 1420 2028 viginti

361 2048 614 2141 tertiolorum,
639 2073 706 2147 pro
730 2047 894 2145 quolibet
912 2047 1106 2120 soldaterio
1124 2051 1281 2146 equestri
1297 2049 1420 2122 soldos

361 2180 510 2256 centurn
537 2166 787 2258 tertiolorum,
810 2180 847 2237 et
864 2164 1023 2264 pedestri
1041 2165 1164 2237 soldos
1183 2167 1420 2266 quadraginta

361 2284 588 2358 tertiolorum
605 2340 616 2376 ,
643 2296 680 2355 et
704 2281 866 2381 quolibet
883 2282 1061 2382 sonipede
1079 2282 1189 2356 libras
1207 2283 1331 2356 decem
1352 2297 1422 2366 ter-

361 2403 531 2474 tiolorum
545 2458 557 2494 ,
588 2426 658 2499 pro
693 2400 856 2497 quolibet
889 2400 961 2472 alio
993 2426 1090 2498 equo
1123 2399 1243 2474 soldos
1275 2415 1420 2474 centum
1490 2445 1493 2453 ι

360 2520 609 2609 tertiolorum,
641 2531 678 2590 et
703 2517 770 2589 hec
795 2543 861 2616 pro
889 2518 1050 2615 quolibet
1075 2529 1114 2590 et
1139 2516 1296 2617 qualibet
1320 2521 1419 2608 vice;

349 2652 400 2709 'et
416 2638 515 2735 quod
531 2635 687 2736 predicti
704 2636 841 2707 domini
859 2641 921 2706 sex'
936 2634 1094 2708 debeant
1111 2661 1237 2710 curare
1255 2636 1423 2710 omnibus

363 2755 480 2829 modis
506 2751 634 2852 quibus
666 2766 840 2852 poterunt
853 2809 864 2844 ,
901 2754 999 2851 quod
1035 2756 1155 2826 omnia
1187 2755 1290 2847 iura,
1316 2757 1420 2840 iuris·

363 2875 542 2946 dictiones
568 2886 605 2946 et
630 2873 785 2944 honores
810 2874 1030 2970 pertinentia
1056 2886 1094 2946 et
1118 2876 1338 2973 pertinentes
1362 2899 1423 2946 co-

363 2993 464 3064 muni
487 2989 710 3082 Mediolani,
740 3017 805 3064 seu
839 3017 912 3090 que
937 2993 1182 3089 reperirentur
1214 2994 1345 3092 scripta
1375 2991 1421 3064 ad

364 3133 543 3184 cameram
581 3111 740 3180 comunis
777 3101 973 3180 Mediolani
999 3109 1056 3180 vel
1081 3111 1117 3179 in
1143 3111 1337 3209 privilegiis
1360 3110 1418 3182 vel

365 3228 505 3300 statutis
540 3225 653 3324 ipsius
680 3228 844 3298 comunis
870 3225 1087 3319 Mediolani,
1119 3240 1156 3300 et
1174 3227 1281 3312 ¹bona
1310 3227 1424 3325 ipsius

365 3345 543 3438 comunis¹
561 3340 759 3426 Mediolani
792 3348 1002 3444 perveniant
1033 3346 1071 3416 in
1101 3323 1219 3446 ipstun
1251 3370 1423 3438 comune,

367 3477 405 3552 et
429 3462 666 3536 observentur
692 3462 776 3535 totis
808 3462 944 3534 viribus
973 3462 1011 3534 in
1037 3488 1191 3536 comune
1223 3461 1424 3536 Mediolani

369 3593 445 3674 toto
472 3604 599 3681 posse3
629 3593 664 3652 et
689 3579 849 3653 debeant
873 3605 1068 3678 procurare
1094 3581 1260 3654 omnibus
1290 3582 1424 3673 modis,

367 3724 414 3794 ne
438 3697 536 3770 fraus
561 3696 680 3798 aliqua
706 3697 952 3770 committatur
978 3700 1015 3769 in
1040 3697 1146 3772 bonis
1173 3712 1210 3772 et
1235 3699 1343 3772 rebus
1367 3697 1425 3772 vel

368 3815 505 3887 iuribus
523 3815 786 3914 spectantibus,
805 3815 862 3888 vel
887 3842 958 3914 que
984 3831 1149 3917 spectare
1167 3816 1351 3890 debebant
1365 3841 1425 3888 co-

369 3933 471 4004 muni
487 3931 689 4006 Mediolani.
707 3934 756 4005 Et
773 3935 935 4033 quodad
955 3937 1216 4035 reaptationem
1233 3948 1426 4008 stratarum

372 4052 527 4124 civitatis
554 4064 591 4124 et
617 4053 806 4124 comitatus
838 4051 1036 4126 Mediolani
1065 4065 1103 4124 et
1126 4057 1289 4154 pontium
1315 4051 1427 4154 presit
