3386 5122
276 415 388 487 LXV.
425 414 534 512 Quod
563 421 682 488 nullas
713 399 875 516 sibiipsi
906 408 1103 516 satisfaciat
1138 401 1183 492 ile
1213 445 1277 494 sao

212 532 330 631 sendo
355 539 430 604 sine
456 539 592 634 scrtpto
617 533 844 606 dominorum
870 535 1068 612 duodecim.
1136 559 1139 562 ·

179 735 183 746 ι
274 649 401 723 Nullus
427 677 494 750 per
519 677 557 724 se
581 653 699 750 ipsum
726 652 771 724 de
791 679 863 724 ⁴suo
891 653 1000 746 leudo
1022 658 1234 755 recipiendo
1258 683 1277 728 a

223 763 366 842 comuni
392 769 586 842 Mediolani
613 771 680 841 sibi
706 771 915 863 satisfatiat,
943 772 1053 844 seda
1080 757 1215 848 uicaria
1242 789 1278 846 et

223 887 379 959 dominis
405 888 591 962 duodecim
620 893 793 988 scriptum
818 916 881 962 sue
904 891 1095 964 solutionis
1113 896 1276 992 recipiat.

274 1005 400 1078 LXVI.
439 1005 495 1076 De
523 1013 697 1104 pensione
737 1008 864 1080 domus
905 1033 978 1080 non
1012 1011 1177 1083 solvenda
1210 1036 1278 1110 per

223 1148 374 1195 comune
399 1123 595 1196 Mediolani
616 1130 838 1225 pro'aliquo
865 1127 1114 1226 stipendiario.
1146 1165 1149 1172 ·

273 1245 343 1314 Per
367 1241 538 1313 vicarium
561 1239 668 1313 oflitii
687 1245 938 1342 provixionum
958 1248 1120 1316 comunis
1140 1246 1278 1318 Medio·

222 1361 296 1432 lani
313 1386 380 1432 nec
403 1383 470 1461 per
493 1359 661 1432 offitiales
678 1363 931 1458 provixionum
950 1389 1016 1434 nec
1039 1387 1106 1462 per
1123 1363 1276 1462 aliquem

221 1479 455 1551 iusdicentem
481 1479 519 1548 in
550 1477 759 1550 Mediolano
790 1505 863 1550 non
889 1483 1005 1579 possit
1040 1507 1107 1552 neo
1143 1481 1277 1554 debeat

222 1595 301 1668 fieri
325 1609 539 1696 preceptum
563 1621 628 1668 neo
645 1588 779 1667 bulleta
797 1597 843 1668 de
862 1596 1033 1668 solvendo
1052 1596 1189 1696 aliquid
1207 1625 1275 1698 pro

221 1717 393 1812 pensione
420 1712 567 1784 alicuius
593 1714 817 1814 stipendiarii
839 1741 907 1786 nec
930 1716 1078 1787 alicuius
1098 1713 1277 1788 foresterri

221 1836 397 1932 presentis
423 1859 491 1905 nec
521 1832 649 1924 futuri,
678 1833 744 1904 sub
775 1858 903 1932 penna
928 1833 1101 1904 librarum
1132 1849 1276 1907 centum

221 1953 445 2024 tertiolorum
471 1959 539 2050 pro
565 1950 730 2049 quolibet
756 1952 1035 2024 contrafaciente
1057 1965 1095 2024 et
1114 1952 1276 2051 qualibet

221 2095 309 2140 vrce.
422 2095 424 2098 ·

271 2186 418 2258 LXVII.
448 2187 503 2258 De
524 2185 636 2288 affitio
661 2193 880 2260 collateralis
901 2187 1067 2288 deputati
1083 2187 1194 2290 offitm
1214 2194 1276 2260 sti-

214 2305 498 2406 pendinriorum.

268 2425 303 2496 Si
322 2427 507 2524 contingat
531 2425 568 2495 in
586 2424 706 2522 aliqua
723 2427 936 2522 questione,
959 2427 1203 2496 controversia
1221 2425 1274 2496 vel

217 2533 474 2614 litevertente
508 2568 631 2614 coram
665 2541 877 2614 collateralli
911 2540 1030 2616 offitio
1066 2543 1274 2642 stipendia-

217 2663 353 2733 riorum
385 2662 561 2759 deputato
594 2662 670 2760 peti
703 2685 769 2758 per
803 2660 960 2758 aliquam
995 2663 1152 2760 partium
1185 2686 1275 2758 que·
1382 2682 1385 2686 ’

215 2783 370 2853 stionem
396 2781 571 2850 committi
599 2781 672 2850 suis
699 2782 876 2879 expensis,
905 2792 1069 2852 teneatur
1090 2779 1150 2850 ille
1168 2781 1275 2850 colla-

217 2898 350 2972 terallis
383 2899 507 2998 ipsam·
532 2897 757 2995 questionem
792 2900 1004 2987 comittere,
1040 2895 1137 2968 facto
1172 2899 1272 2996 prius

215 3017 385 3115 deponito
419 3015 551 3087 sellarii
585 3017 758 3115 sapientis
790 3040 857 3112 per
891 3029 1035 3115 partem
1067 3027 1273 3114 petentem,

211 3147 323 3235 prout
351 3136 543 3207 tassabitur
569 3136 776 3234 peripsum
802 3133 1072 3206 collaterallem.

231 3255 233 3263 ⁴
263 3252 429 3324 LXVIII.
450 3252 506 3324 De
514 3277 612 3352 pena
627 3251 835 3324 inrdicentis
852 3258 912 3324 vel
927 3259 1156 3351 magistratus
1174 3259 1270 3324 sala-

149 3375 159 3404 '
213 3375 298 3443 riuti
323 3399 345 3442 a
368 3371 513 3444 donnino
532 3377 592 3443 vel
613 3374 798 3464 acomoni
815 3377 970 3471 petentis
985 3375 1046 3442 vel
1065 3375 1272 3469 recipientis

212 3494 401 3562 salterium
431 3495 491 3561 vel
514 3494 840 3563 remunerationem
869 3495 979 3562 aliam
1011 3493 1073 3558 vel
1098 3486 1202 3558 aliud
1233 3495 1270 3560 in

204 3605 393 3705 fraudem.

261 3725 388 3798 Nullus
415 3726 593 3800 iusdicens
620 3751 684 3798 seu
710 3727 941 3826 magistratus
969 3727 1007 3794 in
1034 3723 1190 3815 civitate,
1214 3745 1272 3796 co-

213 3844 342 3915 mitatu
369 3870 433 3916 seu
459 3845 626 3916 districtu
651 3845 844 3917 Mediolani
865 3842 1065 3916 sallariatus
1083 3867 1103 3913 a
1122 3843 1272 3914 domino

212 3962 268 4034 vel
287 3989 308 4034 a
325 3965 470 4035 comuni
485 3963 683 4036 Mediolani
700 3988 767 4062 pro
786 3963 907 4061 aliqua
923 3964 1129 4060 questione,
1148 3985 1251 4033 causa
1260 4019 1271 4054 ,
1351 4016 1354 4023 .

213 4079 292 4172 lite,
319 4081 373 4154 vel
402 4084 647 4154 controversia
673 4106 739 4181 per
764 4106 844 4152 eum
878 4081 1148 4181 cognoscenda,
1183 4105 1270 4154 con·
