3416 5054
417 325 463 407 aa

414 452 517 514 terno
543 439 629 539 imp.
646 439 767 532 duos,
794 443 824 512 si
851 439 960 532 luerit
979 466 1086 532 unus,
1105 455 1143 516 et
1167 440 1315 526 abinde
1341 448 1479 554 supra,

407 569 593 660 quotquot
617 557 765 651 fuerint,
784 559 971 657 imperiale
998 583 1108 635 unum
1132 585 1199 658 pro
1226 557 1406 658 quolibet5
1433 575 1470 644 st

413 659 578 774 siluerit
602 700 671 774 pro
699 678 844 750 comuni
870 689 908 748 et
934 675 1163 770 consulibus,
1188 680 1273 778 imp.
1301 703 1374 760 sex.

461 792 513 865 De
530 793 703 890 parabule
729 819 791 865 seu
811 807 986 892 precepto
1011 794 1176 868 robaudi
1189 807 1227 868 et
1243 799 1469 878 contestandi

412 923 449 982 et
465 910 630 1008 capiendi
648 911 704 983 vel
719 912 788 982 alia
803 917 822 960 Α
838 913 1028 984 exercendi
1036 926 1080 984 'et
1094 912 1271 1007 faciendi,
1291 927 1470 1012 quotquot

412 1030 484 1105 sint
501 1053 652 1102 numero
660 1085 671 1122 ,
687 1030 839 1105 etiamsi
857 1031 930 1102 sint
947 1032 1113 1102 comunia
1129 1031 1186 1102 vel
1202 1033 1467 1125 universitates,

409 1149 496 1246 imp.
515 1171 578 1216 sex
604 1171 671 1246 pro
690 1145 853 1244 quolibet
872 1159 1062 1246 precepto,
1081 1161 1263 1247 quotquot
1281 1150 1353 1220 sint
1370 1149 1407 1218 in
1424 1174 1473 1226 oo-

408 1276 604 1363 precepto.

456 1380 795 1480 ,De-'subscriptione
806 1383 890 1452 novi
904 1381 1015 1455 banni
1028 1389 1096 1481 pio
1111 1380 1290 1481 deponitis
1302 1397 1339 1456 et
1350 1386 1469 1482 captis

412 1523 485 1600 non
504 1501 724 1598 consignatis
742 1503 781 1570 in
798 1497 908 1570 archa
926 1501 1087 1590 comuni,
1105 1513 1288 1598 quotquot
1304 1501 1377 1575 sint
1395 1527 1470 1582 nu·

412 1641 515 1694 mero
546 1618 583 1688 in
611 1615 755 1710 bann0,
782 1620 866 1716 imp.
895 1642 976 1709 sex,
1001 1631 1039 1690 et
1073 1619 1233 1691 notarius
1266 1617 1469 1700 bannorum

376 1797 381 1808 .
409 1735 541 1836 lrabeat
566 1762 632 1835 pro
659 1734 925 1835 subscriptione
951 1736 1100 1808 totidem
1125 1754 1322 1834 antequam
1342 1751 1469 1836 prete·-

410 1855 529 1944 rierit,
556 1867 593 1926 et
619 1851 771 1952 duplum
797 1856 829 1924 si
855 1855 1069 1954 preterierit.

409 2055 411 2063 y
460 1971 601 2049 Notarii
627 1971 738 2044 nichil
763 1973 903 2070 possint
928 1973 1094 2070 accipere
1113 1996 1180 2070 pro
1201 1961 1382 2054 infiletutt
1408 1975 1469 2052 ati-

405 2091 513 2186 cuius
530 2088 661 2184 banni,
674 2088 737 2184 sed
755 2101 943 2160 teneantur
960 2091 1152 2187 ponerein
1170 2087 1231 2162 silo
1250 2093 1328 2172 sine
1346 2091 1469 2190 aliquo

385 2209 537 2310 pretio.
1186 2308 1188 2312 Ι
1457 2278 1460 2286 .

407 2359 410 2366 ’
461 2324 515 2400 De
546 2326 771 2424 possessione
805 2324 927 2396 todiali
958 2348 1026 2423 pro
1058 2321 1233 2396 traditura
1267 2324 1467 2427 subscripta

411 2457 451 2516 et
473 2445 599 2542 poxita
630 2444 667 2512 in
701 2453 895 2540 quaterno,
922 2439 1087 2514 siluerit
1117 2441 1291 2517 librarum
1324 2456 1469 2522 centum

331 2613 334 2617 -
411 2560 638 2638 tertiolorum
663 2573 699 2632 et
724 2559 770 2630 ab
797 2560 884 2632 inde
906 2558 1017 2652 infra,
1035 2563 1120 2660 imp.
1140 2559 1351 2652 duodecim,
1368 2575 1406 2642 et
1422 2560 1469 2642 ab

411 2676 495 2752 inde
514 2703 622 2778 supra
635 2703 751 2775 usque
764 2678 812 2750 ad
828 2677 939 2754 libras
953 2681 1179 2776 quingentas,
1197 2682 1322 2779 imper.
1342 2677 1469 2760 decem

411 2809 513 2889 octo,
532 2796 631 2868 stab
649 2795 732 2868 inde
750 2821 874 2896 supra,
891 2797 1152 2894 cuiuscumque
1178 2798 1389 2895 quantitatis
1408 2798 1470 2889 sit,

411 2915 545 2988 solidos
564 2925 718 3012 quatuor
734 2913 972 3006 tertiolorum,
984 2927 1166 3012 quotquot
1179 2916 1251 2986 sint
1264 2913 1329 3006 illi,
1343 2927 1470 2986 contra

411 3058 502 3132 quos
529 3044 566 3104 et
590 3058 656 3134 pro
684 3034 814 3130 quibus
841 3032 924 3104 data
949 3035 996 3106 sit
1020 3033 1211 3131 possessio.

434 3151 514 3250 »De
539 3149 703 3247 quolibet
738 3152 889 3234 termino
916 3174 998 3222 cum
1024 3148 1291 3247 exemplatum,
1318 3147 1470 3222 subscri·

410 3281 521 3370 ptura
536 3281 573 3342 et
589 3270 751 3368 positura
769 3270 807 3339 in
823 3281 996 3364 quaterno
1013 3269 1140 3367 imper.
1154 3267 1246 3338 duos
1264 3292 1333 3367 pro
1346 3279 1467 3366 parte,

410 3401 447 3461 et
473 3389 503 3460 si
529 3386 662 3462 luerint
697 3385 820 3490 plures
852 3399 989 3457 actores
1014 3386 1071 3457 vel
1097 3410 1160 3486 rey
1189 3409 1304 3484 usque
1337 3383 1382 3471 ad
1408 3407 1469 3462 sex

409 3519 447 3581 et
472 3532 494 3580 a
518 3531 580 3578 sex
605 3529 733 3606 supra,
752 3515 934 3608 quotquot
951 3505 1034 3596 sint,
1051 3505 1176 3601 imper.
1196 3527 1341 3595 novem,
1359 3492 1473 3574 etiam

411 3623 573 3698 siluerit
599 3649 751 3696 comune
775 3621 881 3720 burgi
905 3622 963 3692 vel
988 3622 1077 3712 loci,
1104 3635 1139 3693 et
1164 3645 1237 3694 non
1263 3619 1373 3692 ultra.
1461 3672 1465 3678 >
1506 3617 1508 3620 ’

443 3743 518 3814 De
543 3743 719 3817 sententia
742 3739 1044 3838 interloquutoria
1069 3764 1138 3838 pro
1164 3739 1472 3838 pronuntiatione,

414 3859 607 3932 traditione
624 3873 660 3958 et
678 3859 925 3960 subscriptum
952 3858 1017 3932 sol.
1043 3881 1107 3928 sex
1125 3853 1371 3949 tertiolorum,
1397 3849 1470 3928 lata

409 4137 434 4187 t
455 4151 468 4176 a
487 4126 530 4186 vet
548 4125 635 4194 stiam,
648 4125 840 4194 executorem
859 4125 978 4186 lactendi
995 4146 1008 4172 n
1028 4125 1103 4192 (coa.
1114 4129 1152 4196 tt.
1174 4123 1226 4192 ts).
