3416 5054
1236 305 1282 375 95

231 414 418 520 principali
445 419 643 490 satisdante
661 423 688 510 Α,
708 421 780 490 sive
807 419 854 488 sit
878 410 1109 510 universitas,
1127 422 1198 490 sive
1215 423 1292 492 -sin-

232 538 578 636 gularis'persona.'
612 573 617 580 ·
820 547 822 554 ’

235 677 239 684 ’
281 653 336 725 De
361 655 535 754 exemplis
563 667 597 724 et
624 656 804 753 scriptura
827 667 1006 724 cartarum
1027 665 1063 725 et
1081 655 1292 726 instrumen-

231 785 350 843 torum
370 775 455 871 imp.
474 785 630 870 quatuor
652 798 720 870 pro
738 771 899 868 qualibet
912 774 1040 870 pagina
1062 773 1179 872 papiri
1196 763 1291 845 stri*

231 903 307 988 pta,
324 903 364 960 ut
383 889 429 962 de
447 888 595 960 testibus
615 889 752 960 dietum
770 903 840 978 est5
859 909 930 986 que
948 890 1109 987 exempla
1127 891 1290 961 notarius

231 1008 388 1080 scribere
415 1020 581 1080 teneatur
606 1031 677 1106 pro
703 1009 949 1106 suprascripto
968 1010 1099 1106 pretio,
1118 1021 1153 1079 et
1171 1011 1290 1080 sinon

233 1125 457 1217 subscribat,
484 1124 615 1197 habeat
641 1137 780 1195 tautum
805 1125 1044 1196 medietatem.

280 1243 336 1316 De
370 1247 612 1342 exemplatum
645 1255 681 1314 et
708 1241 952 1342 subscriptum
982 1241 1091 1314 banni
1118 1245 1289 1343 simplicis

231 1364 316 1460 imp.
343 1373 417 1433 tres
443 1387 510 1462 pro
537 1360 701 1461 quolibet
718 1360 858 1451 bonnm
877 1363 950 1431 sive
967 1387 1058 1432 unus
1078 1363 1152 1434 sive
1169 1363 1290 1460 plures

232 1482 330 1570 siut,
346 1481 419 1550 sive
453 1504 607 1550 comune
638 1480 713 1550 sive
749 1478 957 1549 universitas
994 1481 1068 1550 sive
1102 1481 1290 1579 singularis

231 1621 386 1695 persona
403 1598 468 1688 sit,
486 1609 523 1669 et
539 1621 607 1695 pro
630 1595 881 1687 canzellatura‚
901 1607 1094 1696 postquam
1115 1600 1290 1694 preterie-

231 1716 288 1806 rit,
306 1712 529 1806 tantundem,
548 1726 585 1784 et
601 1725 795 1812 antequam
812 1715 1033 1811 preterierit,
1051 1714 1292 1786 medietatem.

175 1877 177 1884 ·
280 1832 335 1904 De
361 1831 605 1931 exemplatum
632 1843 669 1902 et
694 1832 940 1929 subscriptore
970 1831 1078 1903 banni
1113 1832 1160 1903 de
1185 1833 1292 1904 mate-

214 1949 326 2051 vlitio,
353 1947 398 2022 de
431 1975 504 2046 quo
543 1945 713 2020 malefitio
747 1973 819 2021 non
860 1951 1044 2046 ingeratur
1080 1974 1173 2050 pena
1206 1975 1290 2021 san-

231 2069 364 2166 guiniS,
392 2059 527 2138 solidos
565 2081 721 2163 quatuor
759 2066 983 2138 tertiolorum
1023 2091 1089 2166 pro
1130 2067 1292 2165 quolibet

230 2183 398 2275 bannim,
417 2187 503 2256 etsi
525 2187 710 2282 ingeratur
731 2209 824 2285 pena
852 2187 1051 2282 sanguinis,
1070 2185 1191 2258 soldos
1209 2201 1290 2258 octo

227 2302 360 2374 tertiol.
388 2327 456 2403 pro
484 2303 657 2400 quolibet.

279 2414 352 2486 Pro
379 2415 618 2488 oanzellatura
635 2415 781 2488 alicuius
800 2417 1046 2515 predictorum
1064 2415 1290 2510 bannorum,

230 2547 423 2631 antequam
449 2536 671 2632 promuerit,
697 2533 831 2605 habeat
857 2534 1087 2625 tantundem,
1113 2549 1290 2631 quantum

232 2651 409 2723 haberent
434 2677 501 2751 pro
527 2652 774 2751 exemplatum
800 2666 837 2723 et
863 2649 1121 2750 subscriptum.

283 2767 357 2840 Pro
377 2767 638 2860 canzellatura,
664 2783 851 2868 postquam
868 2772 1087 2868 preterierit,
1106 2773 1135 2842 si
1154 2774 1292 2842 contin-

230 2885 469 2985 geritaliquo
496 2887 605 2957 modo
633 2884 767 2958 debere
794 2865 840 2956 et⁰
854 2913 961 2984 posse
986 2887 1193 2980 canzellari,
1220 2889 1288 2960 ha-

230 3003 341 3076 beant
365 3003 517 3105 duplum
537 3006 627 3095 eius,
647 3005 746 3103 quod
763 3003 938 3076 haberent
955 3029 1023 3100 pro
1045 3005 1291 3104 exemplatum

231 3135 269 3194 et
282 3122 561 3223 subscriptum,
588 3135 626 3194 et
650 3148 719 3220 pro
745 3122 1001 3222 suspendendo
1031 3123 1189 3196 habeant
1213 3150 1290 3196 me-

231 3237 414 3316 dietatem.
1129 3254 1131 3260 ’

280 3356 353 3428 Pro
370 3359 573 3430 circhatura
593 3356 795 3428 bannorum
815 3359 861 3430 ad
881 3355 959 3431 filos
987 3385 1128 3431 camere
1154 3359 1290 3430 banno*

230 3497 309 3546 rum
336 3488 515 3568 veterum,
537 3479 567 3546 si
600 3475 708 3548 fuerit
739 3476 785 3549 de
811 3474 931 3548 banno
958 3449 1184 3576 civilifimp.¹
1210 3501 1289 3568 sex,

230 3605 412 3691 quotquot
438 3591 499 3666 sila
526 3589 691 3666 oirchent
717 3595 753 3664 in
780 3619 851 3666 uno
873 3595 1066 3692 regimine,
1092 3618 1161 3691 que
1184 3618 1290 3694 opor-

231 3711 366 3780 tueriut
391 3709 561 3797 circhari;
588 3725 626 3784 et
651 3714 680 3783 si
705 3737 772 3811 pro
803 3711 1004 3811 maleficio,
1039 3711 1166 3785 debeat
1191 3713 1288 3810 prius

231 3826 381 3899 circhari
399 3830 437 3900 in
454 3830 626 3928 registro,
641 3843 678 3902 et
695 3826 827 3901 habeat
843 3831 926 3930 imp.
941 3855 1001 3902 sex
1017 3853 1084 3929 pro
1102 3844 1196 3902 anno
1215 3849 1287 3928 quo

219 3944 479 4017 oirchaverint.
792 3965 794 3970 ·

231 4099 249 4142 Δ
277 4113 289 4142 a
308 4091 487 4149 satisdatione
505 4119 516 4142 ι
538 4094 616 4164 (cod.
631 4095 770 4165 proruit).
