3386 5122
1234 359 1282 432 37

225 472 460 566 exercebant,
471 486 511 547 et
527 475 596 546 alia
615 498 844 572 quecumque
858 471 1008 545 satiandi
1019 487 1055 546 et
1071 472 1291 574 explicandi,

225 615 298 691 que
315 594 367 690 eis
384 591 664 666 sindicatoribns
680 590 901 664 ridebuntur
917 605 1131 692 opportuna.
1150 594 1200 665 Et
1215 591 1283 666 bec

223 713 345 784 omnia
369 715 527 785 sumarie
552 713 598 784 de
624 710 735 810 plano
760 714 840 782 sine
866 712 1022 811 strepitu
1039 723 1078 782 et
1094 709 1208 811 figura
1233 714 1286 784 iu·

224 829 322 922 ditii,
348 855 390 902 ac
416 831 524 902 etiam
550 831 626 901 sine
654 828 774 928 aliqua
801 828 916 901 libelli
943 829 1002 900 vel
1033 827 1284 902 declarationis

224 949 370 1022 datione
383 961 421 1020 et
432 948 503 1020 litis
519 949 792 1040 contestatione,
809 971 876 1048 per
892 938 1056 1018 iuditium
1071 945 1136 1018 seu
1148 948 1284 1041 iuditia,

224 1091 292 1168 per
311 1091 439 1138 vocem
456 1079 494 1140 et
511 1065 639 1138 lamam
659 1079 697 1138 et
712 1079 896 1138 tormenta
914 1077 952 1136 et
968 1064 1037 1136 alia
1055 1089 1284 1168 quecumque

223 1184 399 1277 remedia,
417 1185 587 1282 omnique
613 1185 699 1255 iuris
724 1196 763 1255 et
787 1195 1005 1256 statutorum
1031 1181 1228 1254 substantia
1248 1197 1285 1255 et

206 1301 474 1403 'solempnitate
501 1304 645 1404 penitus
669 1303 932 1400 pretermissis3
960 1317 997 1372 et
1022 1301 1121 1400 quod
1148 1327 1169 1373 a
1194 1323 1284 1375 sen·-

224 1421 346 1494 tentiis
376 1422 538 1520 ipsorum
578 1421 834 1492 sindicatornm
869 1419 1063 1519 appellari,
1089 1419 1285 1517 querellari

223 1563 292 1612 nec
317 1539 512 1640 supplicari
536 1565 611 1612 nou
635 1542 750 1640 possit
776 1538 851 1611 ullo
878 1537 1002 1631 modo,
1019 1537 1084 1610 sed
1103 1540 1179 1636 ipse
1205 1561 1285 1610 sen·
1338 1550 1340 1554 ’

222 1659 336 1731 tentie
361 1659 564 1730 executioni
596 1658 814 1730 mandentur
837 1682 905 1758 per
939 1656 1140 1756 quemlibet
1171 1656 1283 1740 inedi-

224 1790 369 1850 ceutem
382 1777 550 1848 omnibus
562 1778 650 1848 iuris
668 1773 849 1870 remediis,
867 1777 1040 1874 omnique
1056 1777 1284 1876 exceptione,

223 1892 436 1968 defensione
462 1881 811 1969 ercontra‘dictione
837 1909 987 1966 remota.
1273 1949 1275 1954 .

146 2113 149 2118 Ι
273 2013 405 2085 XLVI.
439 2017 494 2088 De
518 2039 639 2113 penna
668 2011 870 2116 officialium
900 2013 1143 2086 comitantium
1174 2012 1282 2084 baru-

226 2136 370 2206 teriam.

274 2247 503 2349 Quicumque
536 2248 696 2325 offitialis
731 2254 794 2348 qui
827 2251 1045 2323 baratariam
1078 2249 1284 2340 comiserit,

223 2367 360 2466 aliquid
389 2369 613 2442 comittendo
644 2368 700 2443 vel
729 2368 909 2462 satiando,
933 2383 1085 2470 propter
1111 2367 1211 2468 quod
1236 2368 1285 2440 le·
1393 2453 1395 2458 ‚

224 2513 307 2560 xum
334 2490 382 2559 sit
406 2513 561 2560 comune
588 2487 786 2561 Mediolani
813 2487 870 2560 vel
900 2485 1089 2587 singularis
1113 2509 1287 2588 persona,

224 2605 512 2706 condempnetur
540 2609 576 2677 in
607 2605 850 2706 quadruplum
884 2607 994 2677 totius
1021 2607 1114 2697 eius,
1140 2604 1185 2676 de
1212 2629 1285 2702 quo

190 2735 198 2742 ”
223 2726 443 2796 inveniretur
460 2723 569 2818 lexic,
584 2728 687 2820 cuius
703 2724 898 2826 quadrupli
910 2723 1087 2796 medietas
1102 2722 1281 2822 aplioetur

221 2841 322 2936 lexo,
340 2854 377 2916 et
393 2843 461 2916 alia
488 2842 664 2916 medietas
691 2841 870 2944 aplicetur
896 2843 1039 2914 comuni
1066 2839 1283 2931 Mediolani3

222 2974 259 3035 et
277 2962 308 3032 si
334 2965 499 3036 comunis
517 2957 714 3034 Mediolani
741 2959 857 3034 solum
881 2961 1002 3033 lexum
1020 2957 1146 3051 fuerit,
1167 2971 1285 3036 totum

222 3079 400 3180 aplicetur
426 3080 527 3152 dicto
558 3081 702 3152 comuni
729 3077 818 3150 lexo.
847 3079 896 3150 Et
917 3081 947 3150 si
965 3101 1038 3150 non
1057 3077 1287 3178 perceperit,

222 3197 286 3272 sed
311 3199 428 3272 solum
454 3201 732 3299 promissionem¹
756 3197 945 3292 habuerit,
972 3193 1033 3270 ille
1059 3197 1123 3294 qui
1148 3197 1285 3296 promi·

221 3319 290 3410 xit,
309 3329 474 3389 teneatur
492 3317 582 3390 illud
603 3317 691 3390 dare
715 3319 880 3410 commi,
898 3331 937 3390 et
962 3315 1114 3388 totidem
1141 3313 1194 3386 illi
1220 3314 1282 3412 qui

222 3434 403 3508 ledebitur
436 3461 479 3508 ex
511 3434 719 3509 huiusmodi
753 3435 1018 3538 promissione,
1052 3436 1082 3504 si
1113 3429 1282 3504 effectum

221 3549 432 3644 habuisset,
458 3566 494 3629 ct
519 3549 776 3628 nichilominus
808 3549 969 3636 offitialis
996 3547 1286 3647 condempnetur

222 3671 261 3742 in
296 3671 445 3774 triplum
479 3674 554 3744 eius
567 3729 578 3766 ,
614 3673 661 3745 de
694 3697 764 3771 quo
801 3673 980 3772 receperit
1013 3668 1287 3770 promissionem

223 3785 383 3862 dandam
409 3802 450 3862 ut
476 3816 585 3890 supra
602 3793 629 3860 ⁴.

223 4013 238 4054 t
265 4005 391 4062 Minister
407 3971 578 4064 extorsiones
596 4008 740 4078 inquirens
760 4005 872 4074 eligitur
883 4005 912 4060 tn
930 4004 1053 4060 subiecto
1071 4002 1150 4078 ducis
1167 4003 1277 4058 decreto

300 4091 389 4146 Ticini
406 4092 472 4148 dato
482 4091 576 4150 idibus
586 4092 707 4163 angustis
718 4107 743 4148 a.
754 4103 910 4148 uccercvr:
924 4113 937 4140 a
949 4095 990 4145 lte
1000 4092 1117 4159 experta
1128 4086 1277 4156 legalitate,

301 4195 315 4224 s
332 4175 496 4234 sufficientia
514 4181 542 4232 et
558 4177 693 4233 industria
706 4174 913 4247 prudentisviri
926 4173 1048 4232 lacobiui
1059 4174 1095 4230 de
1104 4172 1196 4247 {testis
1208 4171 1276 4226 civis
