3386 5122
1266 289 1286 362 'l

234 409 308 480 simi
336 401 473 477 domini
500 402 597 472 dom.
624 401 725 472 ducis
743 399 939 473 Mediolani
957 414 1024 474 etc.
1045 405 1186 476 comitis
1211 405 1292 476 Vir·

234 539 350 598 tutum
361 579 372 615 ,
399 532 437 594 et
476 517 599 591 officio
636 521 856 618 provixionis
895 522 1060 591 comunis
1094 521 1291 595 Mediolani

231 641 435 741 specialiter
462 639 674 737 deputatus,
700 649 738 708 et
769 637 909 710 nobiles
936 650 972 710 et
1005 639 1201 735 prudentes
1225 640 1293 712 viri

232 759 369 833 domini
383 759 599 830 Franciscus
610 755 658 828 de
672 755 873 854 Tegnosiis,
887 755 1049 829 Andreas
1066 757 1112 829 de
1126 758 1293 851 Ruziolo,
1358 839 1366 852 .

231 878 352 977 legum
378 876 547 948 doctores
573 874 619 945 de
647 872 798 970 collegio
833 874 993 945 iudicum
1019 873 1231 966 Mediolani,
1258 889 1294 948 et

233 1021 316 1067 cum
341 993 550 1092 eisudomini
574 990 760 1062 Zanardus
777 991 822 1062 de
842 991 1055 1090 Liprandis,
1071 993 1295 1066 Iohannotus

236 1115 281 1185 de
308 1113 469 1203 Cusano,
484 1109 700 1183 Antoniolus
718 1108 914 1203 Cominus,
931 1109 1102 1181 Mafiolus
1128 1113 1174 1184 de
1199 1111 1295 1182 Mar·

237 1230 354 1321 liano,
381 1231 572 1302 Vicencius
604 1229 650 1300 de
684 1225 843 1320 Gemite,
876 1227 1055 1301 Arnoldus
1087 1229 1294 1328 Pasqualis,

237 1350 419 1448 Gasparus
431 1348 477 1419 de
490 1346 632 1440 Porris,
650 1345 868 1418 Iohannolus
886 1346 1095 1438 Serazonus,
1108 1347 1294 1421 Dionisius

234 1473 279 1544 de
298 1472 419 1572 Pegiis
432 1470 475 1542 'et
493 1466 673 1540 Iohannes
691 1467 736 1539 de
755 1466 948 1562 Cremona,
963 1495 1089 1541 omnes
1106 1471 1294 1542 duodecim

234 1591 328 1662 cives
353 1588 552 1660 Mediolani
575 1587 853 1684 provisionibus,
876 1588 1034 1685 negotiis
1059 1601 1096 1658 et
1120 1586 1296 1660 defensio·

233 1708 341 1780 nibus
368 1706 535 1778 comunis
560 1704 754 1775 Mediolani
780 1705 1023 1806 presidentes,
1050 1731 1120 1778 nee
1136 1731 1208 1778 non
1227 1733 1295 1778 no·

234 1828 324 1900 biles
359 1839 397 1898 et
431 1827 683 1925 circumspecti
718 1827 785 1896 viri
817 1826 951 1898 domini
984 1824 1225 1900 Beltramolus
1250 1828 1296 1900 de

234 1946 411 2018 Ferrariis
438 1944 609 2037 sindicus,
632 1958 669 2016 et
696 1944 921 2016 Iohannolus
948 1946 994 2020 de
1020 1945 1226 2045 Capitaneis
1251 1949 1297 2019 de

236 2065 338 2137 Busti
356 2076 571 2165 procurator
582 2063 779 2136 Mediolani
794 2087 835 2134 ac
848 2063 1097 2136 locumtenens
1118 2064 1249 2137 nobilis
1263 2080 1300 2138 et

241 2182 489 2280 circumspecti
504 2183 572 2252 viri
585 2181 723 2253 domini
742 2182 889 2281 Georgii
909 2182 956 2253 de
974 2182 1181 2276 Moresinis,
1200 2187 1299 2256 sirni-

243 2299 324 2372 liter
348 2300 507 2372 eiusdem
527 2302 689 2408 comunis
708 2301 848 2393 sindici,
865 2326 906 2372 ac
923 2299 1110 2372 familiaris
1130 2302 1298 2401 prelibati

241 2417 415 2517 magnifici
439 2434 475 2492 et
500 2418 792 2491 excellentissimi
818 2420 959 2491 domini
977 2419 1074 2491 dom.
1092 2419 1193 2490 ducis
1215 2423 1294 2491 Me-

239 2533 382 2629 diolani,
401 2563 468 2638 per
492 2535 672 2635 prefatum
700 2533 887 2610 dominum
913 2563 982 2636 pro
1009 2534 1117 2609 certis
1143 2538 1298 2635 negotiis

235 2658 378 2728 secretis
417 2653 550 2755 prefati
588 2654 727 2726 domini
760 2657 960 2727 transmissi
986 2658 1022 2726 in
1048 2655 1228 2753 legatione
1254 2657 1298 2729 ad
1330 2664 1331 2670 ’

236 2776 503 2845 serenissimum
541 2773 744 2873 principem
777 2789 814 2848 et
843 2775 1030 2846 dominnm
1069 2775 1165 2846 dom.
1201 2774 1297 2848 Ven-

237 2889 397 2964 ceslaum
422 2890 489 2963 Dei
515 2895 628 2989 gratia
650 2891 896 2964 Romanorum
922 2917 1045 2992 regem
1072 2916 1214 2991 semper
1238 2918 1300 2964 au·

238 3021 382 3108 gustum
397 3033 441 3082 ac
459 3008 608 3082 Boemie
624 3035 747 3110 regem
755 3065 766 3102 ,
780 3023 818 3082 et
835 3022 1030 3109 propterea
1048 3035 1144 3082 nnnc
1161 3013 1299 3112 agentis

237 3129 465 3227 inpartibus
494 3127 696 3201 Allamanie
720 3141 758 3200 et
782 3128 933 3200 Boemie
965 3127 1118 3230 aliisque
1150 3131 1300 3202 remotis

237 3246 419 3346 partibus:
446 3245 717 3320 considerantes
743 3247 844 3345 quod
869 3259 1003 3320 statuta
1029 3249 1193 3322 comunis
1218 3247 1298 3318 Me-

238 3364 372 3438 diolani
398 3365 539 3439 noviter
564 3365 610 3437 de
636 3366 809 3438 mandato
833 3365 1004 3467 prelibati
1030 3366 1171 3440 domini
1195 3363 1298 3436 ducis
1389 3443 1401 3458 ⁴

240 3483 283 3554 ad
308 3485 557 3557 executionem
583 3484 769 3557 literarum
797 3481 1105 3587 infrascriptarum
1123 3493 1301 3573 correcta,

238 3602 314 3672 visa
344 3617 381 3675 et
414 3605 618 3676 examinata
649 3629 717 3703 pro
751 3603 906 3677 utilitate
940 3606 993 3675 rei
1021 3602 1166 3700 publice
1191 3600 1300 3674 huius

238 3720 332 3791 alme
358 3723 511 3794 civitatis
529 3721 737 3814 Mediolani,
756 3735 794 3794 et
811 3723 912 3794 iuxta
937 3735 1144 3819 temporum
1172 3743 1300 3792 occur-

239 3843 390 3912 rentiam
417 3839 613 3913 salubriter
634 3855 673 3913 et
695 3855 834 3914 mature
860 3851 1044 3930 correcta3
1070 3838 1301 3911 consideran-

240 3969 365 4058 tesque
404 3961 443 4030 in
485 3985 615 4032 vanum
649 3985 729 4032 esse
763 3959 858 4058 leges
889 3957 1070 4051 condere,
1102 3958 1172 4029 nisi
1200 3957 1299 4056 leges

238 4076 316 4174 ipse
330 4077 376 4147 ad
389 4075 511 4176 operis
525 4075 718 4152 efficatiam
731 4077 1031 4177 perducerentur,
1047 4089 1172 4149 tenore
1191 4075 1300 4171 igitur
