3416 5054
1255 287 1306 360 st

252 412 292 492 et
318 385 417 499 quod
443 402 621 476 canevarii
646 402 809 475 comunis
827 399 1030 476 Mediolani
1049 423 1113 498 per
1130 397 1208 473 dies
1224 411 1310 474 octo

253 503 352 591 ante
369 531 510 618 tempus
540 519 749 592 letaniarum
771 518 974 591 cuiuslibet
1006 518 1090 588 anni
1124 531 1309 594 teneantur

254 651 292 710 ot
315 637 472 710 debcant
502 637 785 712 onerantium
815 636 1055 732 confanonuni
1080 635 1247 735 pulcrum
1273 649 1310 710 et

252 747 508 844 sullitiens,ct
531 753 635 828 ittuct
645 754 731 826 dar'e
755 755 863 826 dictis
888 753 1080 845 fratribus,
1099 753 1147 826 ad
1172 754 1255 830 Ιιοι
1269 767 1312 824 ιιι

252 873 334 956 de
325 899 403 971 ipso
428 871 551 946 facero
570 875 710 972 possint
734 885 776 943 ut
801 883 1119 944 consueverunt..
1283 889 1285 894 '

303 990 527 1063 LXXXVII.
556 990 664 1088 Quod
686 993 782 1064 null
766 1017 809 1062 us
834 994 1020 1091 capiatur
1027 1013 1093 1062 noc
1117 905 1311 1065 denotetur
1346 1047 1351 1059 .

253 1114 448 1183 merentia
461 1106 717 1208 festivitatum

301 1226 428 1300 Nullus
455 1227 619 1326 capiatur
643 1251 710 1298 nec
729 1225 928 1298 derobetur
953 1248 1021 1324 pro
1044 1225 1165 1322 aliquo
1183 1225 1309 1298 debito

253 1344 402 1443 publico
431 1369 497 1416 nec
527 1345 669 1444 privato
703 1369 770 1442 per
800 1343 878 1416 dics
913 1357 995 1416 octo
1030 1357 1114 1415 ante
1144 1342 1201 1416 vel
1228 1357 1312 1443 post

188 1505 190 1508 -
252 1462 382 1534 festum
403 1463 616 1535 nativitatis.
634 1459 781 1534 Domini
810 1475 847 1534 et
876 1461 1007 1535 festum
1036 1463 1311 1536 resurrectionis

252 1580 420 1670 Domini;
452 1595 489 1652 et
519 1583 550 1652 si
583 1581 664 1678 quis
699 1593 825 1680 captus
858 1579 968 1654 fuerit
999 1595 1083 1652 ante
1116 1578 1200 1652 illos
1233 1579 1309 1654 dies

251 1711 348 1792 octo,
374 1698 580 1790 relassetun
605 1701 752 1798 prestito
772 1697 1005 1770 satisdatione
1018 1697 1074 1770 dc
1094 1697 1311 1796 revertendo

252 1817 297 1888 ad
316 1849 320 1856 ·
336 1842 515 1890 carcerem
551 1817 587 1888 in
621 1815 704 1889 fine.
726 1819 893 1916 ipsorum
917 1829 1012 1914 ¹octo
1047 1815 1198 1918 dierum
1228 1841 1310 1889 cunt

251 1935 349 2009 bono
375 1933 610 2030 fideiussore3
647 1948 692 2032 et:
717 1936 748 2005 si
778 1936 857 2032 quis
888 1933 1022 2006 laceret
1047 1935 1202 2030 aliquem
1229 1935 1311 2034 capi

252 2053 310 2127 uel
334 2053 504 2126 derobari
526 2079 596 2152 pro
618 2053 750 2150 aliquo
766 2052 889 2125 debito
915 2052 1063 2152 publico
1086 2051 1145 2124 vel
1172 2053 1310 2153 priuato

172 2207 174 2212 ·
252 2170 343 2244 infra
368 2169 449 2243 illos
476 2177 561 2266 octo
588 2171 663 2242 dies
687 2183 773 2242 anto
789 2171 854 2244 ,vel
878 2183 961 2270 post
985 2169 1062 2242 illas
1087 2168 1310 2263 festivitates,

252 2289 566 2388 condempnetur
558 2315 596 2358 ιιι
608 2289 723 2360 libris
741 2288 869 2361 decem
888 2288 1119 2360 tertiolorum
1137 2301 1175 2360 et
1192 2304 1311 2362 tenea-

251 2420 309 2480 tur
334 2433 417 2480 eum
447 2407 567 2479 facete
603 2405 768 2478 relass'ari
793 2433 814 2477 a
841 2404 1063 2496 carceribus,
1090 2418 1128 2482 et
1159 2407 1311 2525 pignora

251 2524 385 2597 robata
401 2526 588 2598 restituero
614 2525 685 2596 sui's
707 2526 900 2623 expensis3
928 2537 965 2596 ot
990 2524 1037 2596 de
1062 2523 1132 2594 hoc
1159 2525 1205 2594 sit
1228 2549 1308 2596 exe

251 2653 372 2713 cutor.
386 2616 540 2742 quilibet
570 2665 611 2714 ex
628 2643 780 2714 vicariis
808 2641 1062 2714 dominationis
1088 2640 1310 2734 Mediolani,
1420 2627 1423 2634 ⁵

252 2773 289 2839 et
319 2761 427 2832 etiam
462 2763 616 2832 vicarius
650 2759 789 2832 domini
818 2761 1010 2858 potestatis
1046 2757 1241 2832 Mediolani
1275 2773 1311 2832 et

249 2877 406 2976 quilibet
429 2903 566 2952 eorum.
618 2934 622 2945 .
688 2897 700 2932 κ·
731 2888 735 2918 ³
1192 2888 1195 2898 '
1322 2967 1323 2972 ἵ

301 2996 546 3068 LXXXVIII.
578 2997 634 3070 De
659 3023 775 3098 opera
801 2996 920 3070 danda
946 2997 1046 3097 qitod
1068 3001 1310 3092 negotiatores

248 3129 284 3186 et
316 3117 577 3212 negotiationes
614 3131 691 3188 tute
723 3119 867 3215 possint
889 3091 1030 3186 bastire
1067 3128 1102 3187 et
1139 3114 1225 3186 duci
1262 3117 1312 3188 ad

250 3235 434 3306 ciuitatem
504 3293 506 3300 .
540 3265 542 3273 ’

248 3353 466 3428 Potestas
498 3369 536 3426 et
568 3355 721 3424 vicarius
750 3366 792 3426 et
818 3295 971 3448 offitium
999 3353 1244 3483 provixionum
1271 3367 1309 3426 et

249 3471 403 3568 quilibet
427 3496 555 3542 eorum
584 3483 773 3544 teneantur
803 3485 838 3542 et
868 3470 1026 3543 debcant
1050 3471 1195 3570 precise
1221 3468 1307 3544 darc

250 3613 405 3686 operam¹
423 3587 590 3662 omnibus
615 3588 733 3662 modis
745 3631 769 3685 ,χ
784 3587 885 3686 quod
910 3588 1171 3684 negotiationes
1183 3601 1229 3659 ⁴et
1247 3613 1308 3660 ne·

250 3707 444 3802 gotiotanes
474 3707 615 3805 possint
632 3719 727 3779 tuto
762 3709 815 3778 ire
849 3719 898 3776 ot·
921 3706 1042 3776 redire
1077 3717 1114 3776 et
1146 3704 1230 3776 duci
1249 3707 1308 3776 ad

221 3819 222 3822 '
249 3823 432 3896 civitatem
457 3839 494 3897 et
518 3851 585 3926 per
608 3826 789 3896 civitatem
817 3835 855 3896 et
880 3823 1085 3895 districtum
1110 3821 1309 3898 Mediolani

249 3937 289 4012 et
313 3953 435 4034 extra,
463 3955 536 4013 tam
551 3969 628 4042 iper
655 3944 773 4015 lacum
798 3967 981 4040 mayorcm
1007 3953 1046 4012 et
1071 3941 1307 4033 Ticinellum',

247 4083 358 4156 quam
384 4063 451 4157 per
477 4059 566 4141 alias
597 4067 844 4160 quascumque
877 4084 987 4158 aqua-s
1014 4071 1052 4130 et
1076 4084 1143 4158 per
1175 4071 1308 4148 terram
