3386 5122
427 281 471 352 to
564 288 566 296 ’

366 470 371 478 ,
411 419 583 494 expense,
610 418 696 490 quas
723 394 909 492 continget
927 390 1007 466 sieri
1024 393 1071 464 de
1089 416 1196 466 arere
1214 394 1379 467 comunis
1397 375 1480 464 Me·v

412 513 572 603 dicioni,
599 525 637 584 et
668 513 731 610 qui
764 511 901 584 solicite
933 536 971 584 se
998 523 1119 610 gerat,
1146 535 1194 582 ne
1224 509 1328 582 fraus·
1347 509 1479 608 aliquo

412 631 523 702 modo
550 633 587 702 in
614 654 721 702 avere
747 631 916 702 *comunis
941 627 1140 702 Mediolani
1173 629 1311 700 comitti
1338 628 1480 726 possit,

412 761 449 820 et
476 774 521 820 ne
547 772 701 848 expense
727 745 906 818 excedant
933 751 1119 846 introytus.
1171 843 1176 849 Ι

464 865 582 936 LXII.
611 864 720 962 Quod
742 870 842 936 omnt
866 890 984 938 mense
993 865 1068 960 stat
1081 867 1179 952 ratio
1207 857 1380 942 comonis,
1396 863 1478 938 Me-

412 983 561 1056 diolani.

463 1103 572 1173 Omni
607 1124 730 1172 mense
766 1098 854 1172 fiant
887 1101 1045 1172 rationes
1080 1100 1241 1170 comunis
1275 1098 1479 1172 Mediolani

414 1221 459 1292 ad
486 1220 659 1291 vicarium
684 1231 722 1290 et
747 1217 901 1290 offitium
926 1219 1190 1317 provixionum,
1208 1216 1481 1314 presidentibus

415 1336 607 1408 duodecim
634 1335 785 1408 dominis
811 1349 848 1408 et
872 1334 1015 1408 duobus
1041 1336 1085 1408 ad
1111 1337 1229 1406 minus
1250 1335 1297 1408 de
1314 1334 1478 1408 dominis

414 1481 476 1528 sex
503 1479 667 1545 camere3
695 1466 731 1525 et
757 1453 827 1526 hoc
854 1451 918 1524 siat
939 1477 1025 1524 cura
1051 1465 1089 1524 et
1105 1452 1335 1528 solicitudine
1350 1453 1478 1526 vicarii

416 1573 523 1660 offitii
549 1575 812 1672 provisionum.

425 1773 429 1778 Ι
505 1691 638 1762 LXIII.
669 1688 777 1788 Quod
787 1691 887 1784 stant
912 1693 1113 1763 necessaria
1140 1695 1178 1762 in
1204 1689 1373 1766 brulleio.

466 1812 536 1880 Per
561 1809 730 1880 vicarium
756 1807 862 1878 offitii
888 1809 1139 1905 provixionum
1165 1819 1203 1880 et
1219 1833 1289 1905 ¹per
1307 1807 1479 1879 dominos

415 1953 478 2000 sex
495 1950 637 1998 camere
655 1926 819 1997 comunis
834 1925 1031 1997 Mediolani
1050 1923 1139 1997 fiant
1155 1951 1218 1998 seu
1234 1938 1478 2025 procurentur

416 2043 495 2116 fieri
509 2069 589 2114 cum
605 2042 736 2116 effectu
749 2046 948 2117 necessaria
965 2069 1080 2144 prope
1093 2043 1285 2116 brolletum
1292 2102 1303 2138 ,
1318 2057 1355 2116 et
1366 2057 1478 2144 prout

415 2163 571 2235 dominis
597 2161 787 2234 duodecim
811 2174 850 2233 et
873 2161 1030 2234 dominis
1048 2187 1109 2234 sex
1127 2161 1322 2254 videbitur,
1340 2175 1377 2236 et
1392 2187 1478 2261 pre-

415 2279 511 2352 dicta
546 2278 626 2353 fieri
659 2295 899 2379 procurentur
935 2303 1000 2379 per
1035 2282 1217 2380 predictos
1253 2279 1321 2354 sub
1355 2305 1477 2380 penna

416 2400 631 2470 sacramenti
658 2411 694 2470 et
728 2399 823 2469 ultra
856 2396 1030 2469 librarum
1064 2410 1210 2472 eentum
1238 2399 1476 2470 tertiolorum.

466 2515 596 2586 LXIV.
627 2511 736 2610 Quod
758 2519 953 2589 solutiones
970 2521 1134 2588 comunis
1153 2541 1225 2588 ηοη
1239 2517 1341 2610 stant
1363 2521 1478 2611 plicui

417 2637 493 2706 sine
512 2647 689 2733 precepto
714 2637 884 2729 sigildito.

466 2751 600 2823 Omnes
625 2751 820 2824 solutiones
850 2765 888 2824 et
917 2765 1149 2852 pagamenta,
1177 2779 1250 2852 que
1276 2752 1322 2826 de
1358 2766 1477 2826 cetero

416 2868 504 2941 fient
521 2895 587 2969 per
603 2895 758 2942 comune
776 2870 977 2943 Mediolani
996 2870 1105 2944 alicui
1122 2872 1385 2973 stippendiario
1401 2871 1479 2944 Me-

416 2986 551 3058 diolani
561 3043 572 3078 ,
599 2985 678 3060 sieri
692 2987 860 3062 debeant
883 2989 930 3062 de
953 3015 1134 3066 consensu
1152 3003 1189 3062 et
1203 2991 1396 3062 voluntate
1413 2990 1481 3062 do·
1575 3081 1576 3088 ἵ

415 3105 503 3178 mini
526 3097 724 3178 Mediolani
755 3131 818 3180 seu
848 3109 973 3180 vicarii
1002 3109 1253 3207 provisionum
1285 3121 1323 3182 et
1352 3108 1473 3180 domi-

415 3248 546 3296 norum
572 3213 785 3315 duodecim,
811 3240 849 3297 et
875 3225 980 3300 aliter
1005 3251 1100 3318 non;
1126 3240 1164 3299 et
1182 3227 1281 3325 quod
1297 3227 1398 3300 dicta
1415 3251 1476 3328 pa·
1536 3215 1541 3226 ⁴

417 3355 582 3442 gamenta
616 3354 653 3414 et
688 3340 888 3416 solutiones
923 3370 996 3415 non
1029 3347 1172 3443 possint
1207 3345 1331 3444 aliquo
1367 3345 1475 3418 modo

417 3459 522 3554 lieri,
559 3463 628 3533 nisi
655 3461 764 3561 prius
799 3462 968 3561 sigillato·
994 3479 1170 3563 precepto
1203 3463 1324 3560 sigillo
1354 3463 1507 3536 'domi··

417 3603 550 3651 norum*
574 3579 768 3652 duodecim
777 3599 789 3673 3
815 3594 849 3651 et
875 3582 913 3652 in
939 3580 1034 3653 libro
1060 3583 1186 3680 poxito
1210 3605 1278 3680 per
1297 3583 1479 3656 notarium

418 3697 630 3770 existentem
657 3698 753 3797 apud
780 3697 956 3770 dominos·
974 3699 1187 3790 duodecim,
1214 3725 1269 3776 ex¹
1284 3725 1358 3798 quo
1382 3698 1479 3771 dicta

419 3829 635 3914 pagamenta
662 3815 740 3888 lieri
767 3817 931 3890 debeant.
981 3847 983 3854 ¹
