3338 5042
1212 354 1284 426 l-ll

229 465 293 559 tati.
308 487 400 556 ,cur
424 489 500 554 ruo
518 451 610 554 nstv
628 462 834 563 fidedienot
852 477 889 550 et
904 465 1291 566 superatispotesns,

229 581 298 680 qui¹
317 606 392 682 per
411 597 573 682 tempora
607 581 734 676 fuerit,
760 572 886 658 habeat
919 581 1067 683 plenum
1099 583 1290 658 arbitrium

227 699 467 799 procedendi,
483 691 657 802 puniendi
675 718 713 773 et
728 699 1040 800 condempnandi,
1054 729 1126 780 uon
1144 701 1290 787 obstan-

229 815 338 910 tibus,
351 817 527 917 aliquibus
554 821 709 891 statutis.
765 853 768 863 ·
836 841 839 849 ·
915 891 918 900 ,
1113 841 1117 846 ·

251 1019 267 1038 ,¹
278 933 480 1008 thxxlu
499 937 555 1009 De
566 936 666 1008 datio
680 931 839 1014 etonem
855 963 927 1036 non
944 939 1166 1038 imponendis
1177 962 1294 1040 super.

167 1089 171 1096 ·
229 1038 364 1146 ciuibus
380 1055 591 1145 Mediolani
608 1061 797 1155 estsuper
816 1061 925 1130 terris
949 1072 984 1130 et
1005 1056 1293 1156 possessionibus

229 1195 379 1266 eorum,
401 1179 465 1244 vel
497 1176 680 1260 massariis
692 1230 704 1265 ,
730 1179 883 1246 collonis
907 1181 972 1246 vel
993 1174 1291 1274 pensioramtibus¹

226 1303 406 1389 pretextu
420 1289 612 1380 ¹dictorum
636 1293 794 1362 civium:
885 1367 888 1376 Δ
971 1313 975 1321 ·

248 1415 255 1498 J
280 1406 389 1500 Nulla
403 1410 616 1496 universitas
632 1406 740 1506 burgi
756 1410 812 1496 vel
828 1401 913 1500 loci,
932 1409 1048 1509 plebis
1064 1409 1121 1495 rel
1140 1410 1292 1494 alicuius

227 1526 472 1597 universitatis
491 1528 704 1619 comitatus,
722 1526 926 1620 districtus,
939 1527 1098 1612 diocexis
1115 1525 1173 1612 Vel
1189 1529 1290 1600 iuris

228 1644 395 1736 dictionis
433 1642 632 1716 Mediolani
669 1643 802 1729 audeat
834 1646 893 1718 vel
931 1659 1116 1744 presumat
1141 1669 1290 1746 ,ponere

229 1759 385 1861 aliquem
405 1765 605 1854 incautum,
631 1763 779 1855 datium,
798 1764 992 1864 pedagium
1011 1785 1082 1848 :seu
1108 1789 1205 1848 onus·
1226 1764 1296 1850 aliq

228 1881 328 1978 quod
359 1905 468 1979 super
495 1878 634 1970 civibus
669 1880 864 1954 Mediolani
891 1882 947 1954 vel
975 1903 1084 1981 super
1112 1873 1294 1968 ,terriset

230 1999 519 2097 possessionibus
553 2000 735 2072 dictorum
771 2001 902 2074 civium
936 2026 1002 2074 nec
1032 2019 1163 2074 eorum·
1184 2000 1293 2086 bouis

228 2142 302 2210 nec,
322 2142 432 2217 super
457 2143 582 2190 eorum
609 2121 841 2212 massaritiis,
868 2119 1023 2206 collonis
1055 2119 1110 2193 vel
1145 2123 1295 2220 pensio„

114 2254 120 2263 '
230 2234 397 2326 nantibus
423 2249 587 2336 pretextu
611 2235 790 2310 bonorum
808 2238 988 2310 dictorum
1006 2238 1146 2330 civium,
1164 2264 1231 2314 nec
1249 2264 1291 2322 ea

231 2357 422 2426 occasione
447 2353 639 2427 molestare
665 2381 730 2428 nec
755 2380 923 2455 agravare
949 2381 1017 2428 nec
1035 2358 1293 2455 agravariper-

231 2474 386 2564 mittere,
415 2497 482 2545 nec
513 2476 651 2567 ratione
681 2473 794 2556 debiti
826 2473 882 2558 vel
909 2472 1113 2550 debitorum
1140 2474 1291 2558 alicuius

232 2591 289 2682 de¹
304 2594 384 2691 ipsa
409 2593 642 2664 universitate
668 2593 878 2685 molestare,
904 2595 1121 2693 inquietare,
1147 2592 1293 2678 turbare

230 2736 299 2784 nec
334 2735 507 2811 agravare
544 2710 677 2784 directe
711 2711 767 2798 vel
793 2737 860 2810 per
885 2712 1102 2794 indirectum
1137 2713 1294 2810 aliquem

231 2831 385 2920 civitatis
412 2828 609 2903 Mediolani
633 2829 689 2902 vel
716 2829 874 2929 aliquem
901 2832 1112 2922 comitatus,
1130 2832 1295 2928 quinon

232 2951 278 3020 sit
303 2948 465 3038 dedicta
487 2961 595 3040 terra,
616 2947 673 3020 vel
699 2951 777 3022 eius
802 2946 918 3035 bona;
946 2962 983 3022 et
1001 2949 1128 3046 siquis
1153 2963 1295 3028 contra,-

231 3066 359 3142 iecerit
385 3069 422 3138 in
448 3067 590 3165 aliquo,
616 3069 785 3168 puniatur
819 3081 856 3140 et
890 3068 1197 3167 condempnetur
1214 3071 1295 3143 uni-

230 3189 380 3275 versitas
399 3185 536 3287 jhurgi,
563 3186 680 3287 plebis
711 3186 767 3260 vel
799 3187 946 3260 alterius
982 3188 1226 3260 universitatis
1255 3187 1293 3256 in
1327 3215 1330 3222 ¹

233 3304 332 3378 libris
358 3307 564 3407 quingentis
591 3305 734 3398 tertiol,
752 3319 790 3378 et
812 3305 965 3403 quilibet
991 3306 1119 3380 consul
1136 3307 1174 3386 in
1193 3303 1295 3386 libris

218 3423 360 3499 decem
392 3424 539 3517 tertiol,
574 3438 611 3498 et
645 3426 861 3497 universitas
898 3425 968 3499 loci
1001 3426 1038 3498 in
1071 3424 1174 3496 libris
1208 3447 1294 3496 cen—

235 3553 311 3612 tum
346 3542 493 3637 tertiol,
527 3543 699 3616 medietas
741 3568 893 3642 quarum
929 3543 1296 3640 condempnation'um

234 3663 421 3758 perveniat
453 3664 491 3734 in
526 3683 682 3736 comune
714 3660 930 3754 Mediolani,
955 3673 994 3734 et
1019 3660 1089 3734 alia
1123 3659 1296 3734 medietas

233 3779 272 3850 in
298 3794 559 3876 accusatorem,
586 3796 624 3856 et
648 3771 817 3856 credatur
842 3794 1066 3854 sacramento
1091 3781 1186 3854 illius
1213 3807 1296 3858 cum

233 3925 307 3986 uno
335 3910 428 3973 teste
444 3898 651 4002 fidedign03
670 3915 706 3976 et
723 3903 753 3974 si
772 3902 961 4002 contingat·
973 3899 1122 4002 aliquod
1141 3925 1299 3974 comune

232 4020 308 4118 pati
338 4018 476 4117 aliquas
508 4045 685 4123 expensas
716 4018 774 4091 vel
807 4019 1003 4120 dampnum
1035 4019 1183 4118 aliquod
1213 4042 1297 4119 pre-

234 4137 413 4209 dictorum
452 4141 648 4212 occaxione
660 4195 671 4231 ,
705 4137 806 4238 quod
845 4138 974 4235 aliquis
1013 4163 1056 4210 ex
1091 4138 1297 4227 utassariis,
