3386 5122
1223 367 1268 439 ld

216 502 360 552 servare
387 491 553 552 teneatur
578 479 730 577 quilibet
755 493 900 552 exactor
924 479 979 552 vel
1006 481 1191 575 offitiallis,
1210 485 1274 582 qui

214 597 450 698 deputabitur
477 597 522 670 ad
547 595 729 698 predicta,
756 598 823 670 sub
843 623 961 698 penna
979 597 1154 672 librarum
1172 604 1275 699 quin·

216 717 386 814 quaginta
420 715 645 788 tertiolorum
671 716 835 816 qualibet
866 717 945 787 vice
955 773 967 807 ,
994 741 1065 814 qua
1092 718 1237 790 contras
1257 761 1274 774 -

217 835 332 927 cerit;
358 847 397 906 et
422 833 537 906 duret
554 837 632 906 eius
658 835 807 906 offitium
828 859 1056 935 permenses
1075 860 1135 908 sex
1153 849 1188 910 et
1205 851 1275 908 non

114 995 117 1000 ·
218 950 334 1042 ultra3
361 968 396 1023 et
420 955 483 1050 qui
509 952 617 1024 fuerit
644 952 810 1026 offitiallis
834 954 1037 1052 peripsum
1058 967 1201 1053 tempus
1218 957 1275 1026 vel

217 1081 358 1167 partem
376 1073 485 1169 ipsius
504 1072 677 1168 temporis
697 1095 758 1142 sex
776 1072 969 1162 mensium,
987 1095 1060 1140 non
1079 1075 1195 1168 possit
1210 1096 1276 1144 neo

219 1185 350 1257 debeat
383 1185 516 1258 habere
550 1186 667 1258 simile
699 1187 847 1268 offitium
880 1211 949 1259 neo
990 1186 1088 1259 aliud
1125 1188 1276 1262 offitium

219 1303 256 1374 in
278 1305 419 1377 civitate
438 1329 505 1376 nec
530 1307 703 1376 comitatu
727 1303 925 1377 Mediolani
944 1303 1036 1376 infra
1059 1329 1174 1377 annos
1201 1319 1276 1378 tres

220 1418 323 1492 finito
349 1421 448 1493 dicto
475 1422 587 1494 offitio
610 1424 703 1512 eius,
722 1422 789 1493 sub
805 1447 927 1523 penna
944 1422 1117 1493 librarum
1137 1425 1277 1521 viginti-

218 1540 377 1639 quinque
402 1540 631 1612 tertiolorum
656 1565 725 1639 pro
750 1540 912 1639 qualibet
941 1542 1040 1634 vice,
1071 1541 1174 1612 euius
1205 1567 1278 1614 me·

219 1655 333 1728 dietas
360 1660 407 1729 sit
433 1661 596 1729 comunis
614 1656 832 1746 Mediolani,
851 1671 888 1728 et
906 1656 975 1728 alia
995 1660 1214 1754 acusatoris3
1241 1671 1279 1732 et

219 1774 372 1872 quilibet
396 1777 513 1874 possit
538 1798 704 1866 acusare,
731 1789 767 1846 et
792 1773 888 1846 ultra
913 1775 1073 1873 privetur
1098 1775 1198 1847 dicto
1221 1773 1277 1848 of-

184 1955 186 1960 .
219 1890 316 1982 fitio,
332 1905 369 1964 et
386 1893 524 1962 nullum
542 1892 726 1963 saliarium
746 1891 881 1964 habere
898 1893 1024 1991 possit,
1042 1908 1079 1964 et
1096 1894 1125 1965 si
1142 1891 1277 1964 habue-

218 2014 281 2102 rit,
302 2026 466 2082 teneatur
482 2014 672 2083 restituere
689 2013 835 2094 comuni
857 2035 939 2082 cum
962 1993 1082 2109 penna
1097 2010 1221 2110 dupti;
1240 2023 1278 2084 et

189 2196 193 2204 .
217 2127 377 2226 predicta
402 2128 447 2198 de
472 2129 708 2201 satisdatione
727 2138 765 2198 et
784 2131 985 2200 iuramento
1002 2153 1076 2200 non
1092 2128 1278 2202 vindicent

218 2246 288 2316 sibi
308 2246 434 2328 ¹locum
460 2247 498 2316 in
525 2247 639 2318 iudice
664 2243 802 2316 domini
829 2248 1018 2346 potestatis
1040 2246 1212 2345 deputato
1232 2247 1275 2317 ad

218 2355 455 2457 exactionem,
469 2366 552 2461 quia
571 2365 649 2464 ipse
667 2362 776 2434 iudex
794 2389 858 2436 seu
876 2361 1033 2436 offitialis
1051 2365 1157 2456 iurat,
1171 2377 1209 2435 et
1225 2365 1278 2436 di-

220 2496 298 2556 otus
316 2495 477 2583 potestas
497 2482 646 2554 satisdat
659 2506 727 2581 pro
741 2507 779 2554 se
793 2494 829 2554 et
840 2506 907 2580 pro
924 2493 998 2552 tota
1013 2484 1091 2553 eius
1117 2479 1274 2552 iamillia.

269 2602 362 2673 LVI.
389 2601 445 2672 De
476 2598 548 2673 tiis
579 2605 643 2700 qui
673 2625 747 2671 non
778 2612 933 2699 possunt
971 2597 1108 2671 habere
1135 2611 1276 2698 partem

218 2709 588 2819 condempiaotionum.

269 2826 403 2910 Nullus
414 2831 524 2929 lilius,
543 2862 656 2936 nepos
672 2837 730 2908 vel
753 2835 840 2906 alius
858 2849 1008 2936 agnatus
1025 2834 1084 2907 vel
1101 2833 1277 2934 cognatus

220 2957 276 3030 vel
302 2955 486 3027 familiaris
516 2980 582 3027 neo
613 2955 812 3026 domestica
843 2967 1022 3052 persona,
1058 2978 1127 3049 que
1160 2954 1206 3024 sit
1231 2954 1278 3024 de

217 3073 366 3148 iamillia
390 3075 597 3173 potestatis,
616 3071 670 3143 vel
696 3071 849 3142 alicuius
877 3071 1009 3142 iudicis
1034 3071 1091 3142 ¹vel
1118 3067 1277 3142 offitialis

218 3196 383 3265 comunis
410 3191 627 3283 Mediolani,
651 3191 767 3289 possit
792 3187 928 3261 habere
953 3187 1112 3286 aliquam
1136 3200 1277 3287 partem
1370 3240 1373 3248 .

219 3311 264 3382 de
290 3311 411 3408 aliqua
437 3309 788 3407 condempnatione,
815 3331 886 3405 que
911 3306 1016 3379 lieret
1041 3308 1203 3404 per'eius
1220 3329 1277 3376 ac-

218 3453 344 3508 cuxam
370 3429 426 3500 vel
451 3428 781 3515 denuntiationem,
808 3425 873 3497 sed
898 3427 935 3496 in
957 3436 1073 3495 totum
1092 3425 1167 3520 ipsa
1185 3436 1273 3492 ton-

218 3547 427 3647 dempnatio
458 3547 645 3646 perveniat
677 3546 713 3614 in
748 3566 899 3614 comune
925 3538 1146 3629 Mediolani,
1180 3541 1275 3612 etsi

129 3729 136 3740 .
216 3668 297 3763 quis
322 3665 597 3752 contral'ecerit,
624 3687 691 3762 pro
714 3656 983 3758 condempnato
999 3657 1177 3729 habeatur
1192 3658 1271 3757 ipso

218 3787 296 3855 iure
322 3785 358 3854 in
385 3782 536 3882 duplum
562 3780 657 3860 illius
680 3780 909 3876 quantitatis,
927 3801 1019 3873 quae
1036 3778 1070 3845 in
1089 3799 1271 3874 cumper-

216 3903 374 3972 venisset
400 3899 599 3971 secundum
627 3898 723 3969 illam
755 3895 1135 3993 condempnationem
1169 3896 1272 3967 euius

215 4043 332 4118 penne
359 4018 535 4090 medietas
562 4020 609 4086 sit
635 4017 799 4086 comunis
825 4010 1023 4084 Mediolani
1047 4027 1082 4084 et
1107 4012 1175 4082 alia
1198 4037 1271 4082 ma·

215 4125 398 4208 nifcstanti
425 4133 514 4206 illud
539 4134 735 4223 delictum,
769 4144 805 4203 et
831 4128 986 4228 quilibet
1017 4133 1133 4232 possit
1158 4153 1269 4201 accu-

216 4279 300 4326 xare
326 4267 364 4325 et
388 4249 625 4324 manifestare.
