3416 5054
1252 301 1297 368 99

239 413 391 486 ianuarii
416 423 453 484 et
478 421 560 482 ante
586 420 751 482 octavam
769 408 864 481 diem
888 401 963 480 iulii
989 409 1189 484 cuiuslibet.
1205 415 1302 504 anni,

244 533 330 606 dare
355 546 393 608 et
418 534 628 632 consignare
645 533 763 603 omnia
781 529 899 602 banna
915 516 1000 602 data
1019 529 1065 603 ab
1082 532 1167 604 inde
1183 548 1301 628 retro,

244 678 317 752 que
341 649 534 725 habuerint
558 650 736 722 canevarii
762 647 964 720 bannorum
989 662 1160 722 veterum
1177 653 1223 724 ad
1245 677 1302 724 ca-

244 794 380 843 meram
412 769 559 868 palatii,
592 766 659 840 sub
699 792 794 864 pena
829 765 1003 837 librarum
1041 769 1300 869 'quinquaginta

243 887 481 962 tertiolorum.
665 878 668 884 ’

294 1004 502 1078 CXXXIII.
529 1004 586 1076 De
610 1009 788 1076 solutione
812 1007 1057 1095 aeterternae,
1087 1010 1152 1106 qni
1175 1003 1303 1078 debent

245 1130 445 1221 registrare
469 1125 660 1197 sententias
685 1121 736 1192 ad
757 1146 948 1193 cameram.
1027 1155 1030 1162 λ
1066 1129 1069 1134 “

252 1308 255 1316 .
294 1239 429 1315 Notarii
454 1241 683 1313 dominorum
710 1265 770 1311 sex
795 1264 937 1311 camere
966 1244 1129 1312 comunis
1155 1241 1303 1314 Medio*
1372 1335 1379 1348 ι

244 1359 333 1452 lani,
368 1361 431 1458 qui
463 1357 600 1430 debent
637 1337 828 1455 regionam
865 1361 1058 1430 sententias
1090 1360 1136 1431 ad
1167 1359 1301 1432 dictam

244 1503 435 1569 cameram,
448 1480 610 1577 recipere
624 1476 763 1576 possint
772 1489 810 1547 et
820 1475 955 1547 habere
972 1502 1040 1574 pro
1056 1503 1118 1548 sua
1137 1503 1301 1550 remane

245 1600 382 1669 ratione
401 1596 495 1668 dicte
512 1596 742 1692 registrature
759 1601 777 1644 Α
797 1595 843 1665 ad
858 1608 1069 1694 computum
1088 1597 1179 1669 soldi
1197 1599 1302 1667 unius

246 1715 378 1788 tertiol.
405 1738 473 1813 pro
498 1712 655 1811 qualibet
680 1715 860 1812 impagina
886 1715 1072 1813 registrata¹
1101 1717 1207 1786 unius
1232 1741 1304 1787 me·

245 1833 343 1906 diani
367 1833 483 1931 papiri
508 1855 666 1931 congrue
691 1843 728 1903 et
755 1831 921 1903 ordinate
937 1833 1089 1931 seripta3
1116 1845 1153 1904 et
1173 1833 1326 1904 intelli--

244 1964 347 2050 gatar
363 1975 442 2023 esse
459 1974 617 2050 congrue
630 1962 668 2020 et
684 1949 849 2022 ordinate
863 1951 1009 2048 scripta,
1022 1952 1052 2022 si
1068 1951 1114 2022 sit
1126 1936 1302 2021 lin'ea'rum

244 2070 367 2169 viginti
391 2094 460 2169 pro
478 2067 638 2165 qualibet
656 2068 834 2167 impegina
851 2069 1052 2140 litterarum
1065 2068 1302 2167 quadraginta
1407 2157 1410 2166 Ι
1442 2057 1450 2070 “

244 2188 403 2287 quinque
427 2212 497 2285 pro
524 2184 682 2284 qualibet
707 2185 798 2257 linea
816 2186 909 2256 ultra
929 2186 1188 2278 abreviaturas5
1216 2189 1301 2260 etsi

244 2307 416 2378 maiorem
449 2305 665 2376 solutionem
698 2307 773 2380 sive
798 2307 1128 2378 remunerationem
1157 2309 1303 2405 recepe-

244 2425 332 2514 rint,
349 2424 518 2520 puniatur
535 2418 790 2494 contrafatiens
808 2449 850 2496 ea
866 2447 959 2523 pena
964 2479 975 2514 ,
1001 2449 1072 2521 qua
1098 2425 1218 2522 puniri
1241 2423 1303 2496 de-

244 2541 332 2614 bent
356 2541 417 2612 alii
442 2541 572 2613 notarii
597 2541 848 2613 iusdicentium
875 2543 1087 2642 recipientes
1121 2545 1302 2642 mayorem

244 2659 477 2751 solutionem,
503 2685 613 2758 quam
630 2661 680 2734 eis
698 2685 911 2733 concessum
930 2662 993 2754 sit,
1021 2660 1217 2732 secundum
1235 2659 1303 2732 for*

245 2801 339 2848 mam
366 2788 581 2848 statutorum
607 2781 771 2849 comunis
798 2778 1003 2850 Mediolani.

295 2892 499 2966 CXXXIV.
513 2893 570 2966 De
582 2900 870 2968 remuneratione
882 2902 1083 2996 campsoris
1100 2911 1134 2967 et
1146 2901 1302 2971 aliorum

245 3017 496 3112 recipientium
515 3019 710 3114 pecuniam
735 3019 900 3086 comanis
927 3014 1139 3089 Mediolani.

293 3133 418 3206 Liceat
444 3133 625 3231 campsori
650 3145 688 3205 et
712 3131 862 3205 cuiIIbet
888 3132 946 3205 alii
976 3135 1163 3234 recipienti
1197 3159 1304 3233 pecu-

244 3253 337 3322 niam
375 3251 519 3322 nomine
556 3252 721 3322 comunis
760 3250 958 3324 Mediolani
985 3264 1056 3323 tam
1096 3251 1142 3324 ah
1183 3251 1301 3348 aliqua

244 3370 473 3442 universitate
486 3395 596 3468 quam
615 3369 786 3469 singulari
803 3395 957 3470 persona
969 3375 1109 3468 exigere
1121 3384 1155 3442 et
1168 3369 1303 3442 habere

244 3512 313 3585 pro
338 3488 489 3587 scripto,
506 3487 606 3586 quod
623 3485 724 3562 satiet
740 3488 787 3560 de
807 3492 1015 3590 receptione
1032 3488 1130 3586 dicte
1153 3489 1304 3589 pecunie

246 3629 267 3676 a
284 3604 516 3698 solventibus,
533 3631 648 3706 usque
666 3605 711 3678 ad
727 3605 838 3680 libras
862 3608 987 3680 decem
1006 3607 1230 3678 tertiolorum
1248 3606 1304 3681 vel

245 3721 356 3815 infra,
383 3726 498 3822 possit
523 3725 683 3826 recipere
710 3751 826 3826 usque
851 3727 897 3798 ad
923 3725 1067 3797 soldum
1093 3721 1203 3796 unum
1231 3738 1301 3797 ter·

247 3839 436 3934 tiolorum3
451 3843 532 3913 etsi
550 3842 697 3916 solverit
713 3843 758 3917 ab
776 3844 862 3916 inde
876 3869 983 3944 snpra
1001 3841 1175 3942 usquead
1193 3842 1302 3918 libras

245 4101 264 4143 a
291 4112 303 4140 a
322 4090 522 4160 registrationis
540 4115 552 4142 a
571 4095 631 4162 (Iti.
652 4093 737 4161 Coti).
