3416 5054
375 267 445 338 lii

371 405 540 474 accusare
558 405 622 476 seu
638 367 827 454 notificare
835 441 845 474 ,
867 397 904 454 et
914 381 1087 456 eredatur
1102 389 1179 456 eius
1196 399 1430 478 sacramento,

370 501 433 599 qui
459 500 628 592 solverit,
655 503 738 572 oum
764 525 838 572 uno
865 515 957 574 teste
984 501 1055 574 lide
1081 503 1211 603 digno,
1239 517 1277 576 et
1301 501 1432 577 habeat

370 618 602 692 medietatem
629 617 726 690 dicte
752 619 1096 719 condempnationis.

421 736 624 810 CLXXXI.
652 737 707 808 De
733 738 867 810 eodem.

417 853 547 926 Nullus
573 867 718 926 exactor
743 847 800 926 vel
827 853 990 926 offitialis
1016 859 1131 955 possit
1151 871 1275 955 petere
1292 883 1359 930 nec
1377 883 1430 931 re-

368 974 492 1074 cipere
527 970 694 1043 salarium
727 999 795 1044 neo
828 973 968 1070 aliquid
1004 971 1072 1043 sub
1104 988 1274 1072 pretextu
1312 961 1430 1048 salarii

369 1089 426 1162 vel
452 1091 750 1162 remunerationis
775 1091 821 1162 ab
839 1091 959 1188 aliqua
977 1089 1148 1188 singulari
1173 1094 1345 1188 persona,
1370 1117 1431 1163 oo-

367 1207 475 1277 muni'
492 1207 551 1280 vel
577 1209 830 1299 universitate,
848 1207 913 1278 sed
940 1207 1115 1306 quicquid
1141 1207 1354 1279 solvendum
1375 1221 1431 1280 est

369 1337 441 1395 tam
466 1350 535 1423 pro
562 1339 661 1396 sorte
687 1350 795 1423 quam
821 1351 888 1424 pro
915 1323 1046 1396 salario
1066 1337 1103 1396 et
1128 1329 1430 1420 remuneratione,
1512 1383 1515 1390 .

366 1441 525 1514 solvatur
567 1445 749 1543 campsori
764 1499 775 1536 ,
814 1456 856 1516 et
894 1465 1061 1541 campsor
1103 1441 1219 1515 solvat
1263 1441 1404 1516 offitiali
1419 1503 1430 1536 ,

370 1559 567 1631 secundum
592 1559 691 1657 quod
719 1561 846 1653 debet,
874 1574 911 1632 et
933 1558 1067 1632 scribat
1091 1585 1260 1658 oartipsor
1283 1563 1432 1633 in'oou·

367 1676 521 1752 sessione
548 1678 647 1776 quod
673 1681 815 1777 recepit
839 1701 906 1778 pro
932 1677 1072 1750 salario.
1356 1731 1359 1737 ·

360 1787 364 1798 ’
421 1795 650 1869 CLXXXII„
664 1795 717 1868 De
734 1797 836 1868 crida
849 1819 917 1895 que
921 1795 1016 1888 fieri
1032 1794 1250 1894 debetstzcto
1268 1799 1430 1870 incantuss

416 1911 528 1986 Facto
562 1913 719 1985 incantu‘
744 1937 811 2011 per
850 1913 1010 2012 aliquem
1048 1911 1233 1985 offitialem
1268 1915 1432 1987 comunis

368 2030 572 2106 Mediolani,
590 2029 636 2102 de
666 2030 878 2129 pignoribus
906 2031 1004 2102 dicti'
1020 2033 1183 2103 comunis
1209 2030 1256 2102 ad
1283 2034 1431 2130 petitio-

369 2173 452 2221 nem
479 2147 759 2220 dictioomunis
791 2150 967 2246 acceptis,
1000 2147 1064 2220 fiat
1089 2146 1188 2220 crida
1218 2149 1263 2220 ad
1289 2148 1431 2221 schalas

367 2263 492 2364 palatii
520 2266 602 2336 novi
620 2268 793 2337 ‘comunis
819 2265 1017 2337 Mediolani
1042 2247 1213 2338 mandato
1241 2267 1329 2360 dicti
1354 2265 1432 2337 offi-

367 2385 462 2455 tialis
487 2383 544 2455 vel
571 2386 749 2456 exactoris
776 2385 890 2454 avenis
909 2385 1075 2456 comunis
1092 2378 1312 2476 Mediolani,
1329 2384 1429 2482 qnod

184 2591 186 2598 s
258 2569 260 2572 .
367 2505 516 2600 pignera
542 2525 608 2599 per
634 2501 744 2572 talem
771 2499 961 2574 offitialem
980 2501 1106 2572 rohata
1128 2513 1212 2572 sunt
1237 2503 1432 2598 incantata,

365 2632 402 2692 et
420 2620 518 2718 quod
537 2619 608 2712 illi,
634 2617 790 2717 quorum
808 2632 910 2692 erant
926 2620 1020 2692 dicta
1040 2622 1185 2720 pignera
1192 2647 1217 2713 ,¹
1224 2623 1366 2720 possint
1390 2645 1432 2694 ea

364 2762 578 2839 recuperare
595 2740 687 2812 infra
705 2735 913 2838 quindecim
935 2738 1030 2832 dies,
1048 2752 1085 2811 et
1107 2740 1199 2836 exigi
1222 2751 1259 2811 et
1282 2763 1432 2840 reeupe-

365 2860 438 2928 rari
462 2856 594 2949 faeere,
612 2856 831 2930 restituendo
846 2857 1073 2928 ‘incantatori
1092 2857 1248 2956 pretium
1267 2857 1432 2932 incantus

365 2989 402 3046 et
424 2999 599 3074 expensas
625 2973 829 3074 legiptimas
856 2998 922 3071 per
947 2977 1207 3046 incantatorem
1230 2997 1371 3078 passas,
1397 2987 1434 3046 et

365 3085 476 3191 pr'out
503 3087 714 3190 dispositum
743 3093 859 3162 estin
884 3093 1026 3163 statutis
1048 3092 1211 3163 comunis
1228 3091 1433 3164 Mediolani.

370 3255 373 3264 ·
417 3208 656 3283 CLXXXIII.
697 3207 751 3280 De
779 3208 994 3309 pigneribus
1028 3207 1169 3281 robatis
1198 3213 1341 3282 nomine
1374 3233 1432 3282 co·
1500 3304 1504 3311 Ι

369 3332 487 3400 munis
512 3326 776 3424 consignandis
800 3327 850 3398 ad
871 3327 1061 3399 cameram.
1137 3413 1142 3420 ι

419 3445 573 3543 Pignera
601 3469 672 3542 que
697 3443 927 3515 robabuntur
952 3446 990 3514 in
1016 3443 1162 3516 civitate
1180 3459 1216 3516 et
1234 3442 1328 3516 infra
1351 3432 1433 3516 eor·

370 3587 462 3661 pora
487 3575 695 3635 sanctorum
712 3587 780 3662 per
797 3561 952 3660 aliquem
971 3557 1157 3634 offitialem
1178 3563 1340 3638 comunis
1358 3552 1434 3636 Me·

372 3677 507 3784 diolani
525 3678 582 3752 vel
599 3684 675 3752 eius
693 3681 859 3752 nuntium
879 3704 946 3779 pro
965 3679 1088 3752 debito
1106 3670 1270 3752 'comunis
1290 3677 1434 3753 Medio·
1526 3767 1532 3778 ι

371 3796 465 3888 lani,
493 3795 649 3870 debeant
673 3824 715 3871 eo
731 3796 817 3891 die,
843 3824 916 3897 quo
942 3797 1117 3871 derobata
1142 3793 1276 3869 luerint
1291 3796 1349 3869 vel
1376 3796 1436 3868 die

373 3913 539 4012 sequenti
564 3915 716 3988 iuridica
729 3973 740 4007 ,
766 3915 1038 4015 perhemptorie
1070 3915 1280 4014 consignare
1306 3912 1435 3986 saltem

373 4033 409 4104 in
437 4033 581 4130 scriptis
616 4033 661 4104 ad
696 4057 874 4124 eameram
895 4029 1073 4126 *comunis*
1100 4030 1298 4104 Mediolani
1323 4025 1436 4131 penes

945 4147 951 4186 l
