3386 5122
631 547 968 686 sumum
1054 744 1061 760 ι

295 989 860 1206 ivusncuolun
906 960 1282 1182 lunum

528 1445 1042 1468 -Ἥ-ρ--ι-

306 2089 349 2160 ln
366 2092 516 2162 nominc
532 2087 680 2162 Domini
706 2113 822 2160 amen.
849 2087 1045 2161 Millesimo
1064 2083 1314 2164 trecentesimo
1334 2075 1336 2079 ¹

257 2209 555 2308 quinquagesimo
573 2209 714 2307 primo,
732 2207 934 2281 indictione
950 2221 1092 2305 quarta,
1110 2208 1171 2281 dle
1190 2211 1315 2280 martis

255 2327 428 2424 vigesimo
459 2327 620 2398 secundo
645 2321 777 2396 niensis
806 2326 951 2416 marcii,
976 2328 1014 2396 in
1040 2325 1190 2425 pallatio
1219 2351 1315 2399 novo

253 2445 415 2516 comunis
439 2443 658 2535 Mediolani,
676 2441 877 2515 convocato
903 2457 941 2515 et
965 2457 1188 2545 congregato
1206 2445 1315 2544 pleno

255 2575 294 2634 et
319 2561 479 2662 generali
504 2561 690 2634 conscillio
715 2563 1025 2660 noningentorum
1051 2564 1231 2654 virorum,
1251 2556 1330 2660 qu'i¹

254 2693 340 2752 sunt
364 2679 588 2756 conscillinm
612 2679 851 2780 mayoc-dicto
871 2681 1045 2772 civitam,
1064 2680 1254 2752 comitatus
1278 2693 1317 2752 et

254 2797 439 2873 districtus
456 2798 668 2890 Mediolani,
680 2823 771 2870 sono
785 2823 962 2898 campano
976 2811 1019 2870 ot
1034 2823 1123 2870 voce
1143 2803 1316 2897 preconia

254 2941 356 2988 moue
380 2917 488 2988 solito
514 2913 792 3016 pnojginfradicto
810 2901 957 3014 negotio
977 2917 1184 3015 specialiter
1208 2939 1315 3015 pera·
1380 2953 1385 2966 ·

254 3035 388 3135 gond0‚
401 3047 440 3106 et
456 3035 557 3132 quod
574 3034 799 3107 conscillium
816 3030 929 3106 habct
944 3047 1163 3134 potestatem
1180 3048 1218 3106 ct
1234 3034 1317 3134 bay-

254 3155 341 3225 liam
367 3154 414 3225 dc
440 3151 640 3227 infradictis
665 3166 703 3225 ct
727 3153 893 3250 quolibet
914 3178 1053 3245 eorum,
1072 3167 1109 3224 et
1125 3177 1192 3251 por
1217 3154 1316 3250 quod

253 3271 481 3344 conscillium
495 3272 593 3344 tallia
605 3286 644 3344 ct
656 3272 797 3344 simillia
811 3287 883 3344 tam
896 3272 944 3344 do
957 3275 1038 3345 iure
1048 3297 1156 3369 quam
1166 3275 1316 3368 antiqua

254 3390 516 3462 consuetudine
541 3390 622 3463 ficri
646 3403 799 3490 possunt
816 3403 854 3464 ot
871 3391 1055 3490 explicari,
1072 3389 1119 3461 de
1144 3390 1316 3460 mandato

254 3510 426 3608 sapientis
451 3510 520 3580 viri
547 3501 685 3581 domini
711 3509 860 3606 Nicolay
886 3505 960 3606 Fey
985 3509 1032 3581 de
1058 3507 1184 3580 Aretio
1211 3518 1316 3606 poto·

254 3627 359 3698 statis
384 3626 582 3698 Mediolani
607 3627 755 3725 eiusque
781 3629 976 3699 comitatus
999 3641 1036 3699 et
1057 3626 1259 3716 districtus,
1278 3627 1315 3696 in

254 3770 327 3842 quo
361 3745 552 3819 conscillio
587 3746 741 3818 aderant
773 3759 811 3818 et
844 3759 930 3816 sunt
964 3740 1058 3816 dom.
1086 3743 1315 3843 Raymondus

253 3861 301 3934 de
326 3861 438 3934 Archi
463 3863 638 3936 diaconus
655 3863 777 3965 legum
794 3863 926 3935 doctor
946 3863 1102 3934 vicarius
1127 3859 1317 3933 reverendi

252 3994 292 4053 et
316 3979 499 4081 magnifici
528 3983 667 4054 domini
691 3982 862 4053 Iohannis
894 3980 963 4052 Dei
988 3979 1103 4078 gratia
1132 3975 1315 4079 archicpi-

254 4102 357 4198 scopi
374 4113 413 4172 ot
429 4101 567 4174 domini
581 4101 800 4192 Mediolani,
817 4100 916 4172 dom.
933 4098 1115 4171 lohannes
1134 4096 1315 4188 Villanns,

253 4215 465 4291 Franciscus
478 4219 525 4291 de
538 4219 719 4303 Carimate
732 4219 942 4318 iurisperiti,
950 4218 1087 4317 Filipns
1107 4215 1153 4290 de
1167 4217 1316 4315 vapulo,
