3416 5054
401 329 414 394 l
428 325 474 393 lb

392 464 417 512 a
441 438 687 510 iurisdictione
712 434 918 528 Mediolani,
945 461 1012 508 nec
1038 437 1166 534 aliquis
1184 435 1367 510 familiaris
1393 438 1463 509 ali·

393 559 496 630 cauus
513 557 627 656 possit
646 579 713 627 nec
730 553 864 626 debeat
880 553 1016 628 habere
1032 553 1181 654 aliquod
1198 551 1369 646 offitium,
1391 579 1458 627 nec

394 700 472 748 esse
499 671 545 746 de
565 669 693 772 ¹aliquo
719 672 891 746 conscilio
917 675 1082 744 comunis
1108 673 1305 744 Mediolani
1328 697 1458 774 magno

392 813 462 867 nec
488 817 620 892 parv0,
646 817 714 864 nec
739 817 820 864 esse
852 806 999 865 exactor
1023 792 1173 864 alicuius
1208 781 1367 892 pecunie
1394 817 1457 864 co·

393 913 512 984 inanis
546 909 766 1001 Mediolani3
801 922 840 981 et
870 923 1032 1009 potestas
1065 910 1231 981 comunis
1262 909 1457 982 Mediolani

391 1032 513 1130 ipsum
545 1035 733 1100 removere
761 1039 921 1100 teneatur
951 1027 999 1098 ab
1031 1025 1151 1100 officio
1186 1040 1224 1100 et
1254 1026 1456 1120 consciliis,

391 1155 586 1250 postquam
611 1149 645 1218 ei
670 1145 920 1218 denuntiatum
946 1144 1062 1218 faerit

445 1264 573 1340 CLIX.
601 1265 657 1336 De
681 1261 961 1372 appobatoribus
986 1280 1020 1336 et
1044 1287 1172 1336 eorum
1195 1261 1320 1366 affaio.

444 1384 527 1480 Duo
545 1385 616 1456 sint
629 1381 903 1483 approbatores,
912 1383 975 1479 qui
993 1381 1151 1456 debeant
1166 1383 1372 1481 approbare
1390 1383 1458 1456 sno

271 1571 275 1578 .
393 1501 556 1602 periculo
588 1525 715 1573 omnes
744 1500 1018 1592 satisdationes,
1044 1526 1116 1598 que
1143 1499 1189 1571 de
1217 1513 1344 1572 vetero
1379 1499 1477 1574 fieri'

392 1619 611 1718 contingerit
635 1644 757 1691 coram
772 1617 1032 1692 iusdicentibus
1050 1616 1273 1690 habentibus
1296 1620 1458 1690 notarios

391 1737 619 1830 forasterios,
638 1738 854 1834 qui'notarii
879 1733 1056 1808 forestarii
1080 1737 1226 1808 tradent
1252 1735 1331 1808 illas
1358 1739 1458 1808 satis·

393 1857 575 1947 dationes,
611 1867 650 1928 et
683 1853 838 1926 debeant
871 1853 1006 1929 habere
1037 1854 1091 1926 illi
1109 1853 1369 1954 approbatores
1389 1879 1457 1954 pro

393 1999 520 2047 eorum
545 1971 704 2062 salario,
741 1973 814 2043 sive
850 1973 922 2044 sint
957 1971 1152 2071 singulares
1190 1977 1343 2072 persone
1382 1974 1460 2047 sive

392 2092 517 2192 plures
544 2091 619 2162 sive
644 2091 873 2183 universitas,
897 2089 1065 2163 videlicet
1091 2089 1121 2162 si
1146 2089 1255 2162 fuerit
1276 2089 1458 2163 satisdatio

393 2211 440 2284 de
456 2209 556 2282 libris
577 2209 838 2309 quinquaginta
854 2208 1078 2280 tertiolorum
1096 2208 1153 2280 vel
1170 2207 1280 2298 inira,
1298 2207 1362 2280 s‘ol.
1384 2222 1458 2282 tres

394 2328 543 2420 tertiol.;
571 2339 609 2400 et
626 2353 742 2424 usque
769 2327 815 2399 ad
833 2340 980 2398 centum
1005 2326 1112 2399 libras
1140 2327 1283 2419 tertiol,
1302 2327 1370 2400 sol.
1398 2353 1459 2400 sex

393 2446 543 2537 tertiol.;
570 2460 606 2519 et
631 2448 662 2518 si
688 2445 736 2519 de
769 2446 870 2517 libris
903 2457 1049 2518 centum
1082 2447 1212 2518 tertiol.
1239 2460 1277 2520 et
1302 2445 1349 2518 ab
1375 2447 1461 2520 inde

393 2590 518 2666 supra,
537 2564 602 2636 sol.
622 2578 697 2636 tres
724 2563 855 2636 tertiol.
874 2587 989 2661 usque
1012 2563 1060 2636 od
1084 2564 1194 2636 libras
1210 2563 1308 2638 mille
1326 2564 1458 2638 tertiol

392 2709 464 2786 pro
502 2683 667 2781 quolibet
706 2684 913 2754 centenario
952 2683 1047 2755 ultra
1081 2683 1266 2782 predictos
1299 2684 1374 2758 sol.v
1398 2707 1461 2756 ser

395 2801 545 2891 tertiol.;
572 2815 611 2874 et
626 2826 647 2873 a
664 2800 767 2872 libris
793 2800 891 2874 mille
909 2825 1037 2901 supra,
1063 2801 1321 2900 cuiuscumque
1348 2826 1459 2901 quarr-

392 2923 505 2994 titatis
531 2921 594 3013 sit,
613 2919 680 2992 sol.
708 2919 949 3020 quadraginta
975 2923 1137 3018 quinque
1161 2919 1296 2993 tertiol.
1324 2934 1361 2993 et
1386 2946 1459 2994 non

393 3039 510 3132 ultra;
537 3053 575 3112 et
592 3039 621 3110 si
641 3037 722 3140 plus
737 3036 971 3138 receperint,
993 3041 1326 3139 condempnentur,
1350 3053 1462 3141 prout

396 3161 434 3232 in
461 3171 595 3230 statuto
613 3159 816 3230 continetur
832 3158 1028 3258 incipiente
1053 3183 1072 3230 n
1087 3158 1222 3232 domini
1242 3182 1302 3231 sex
1318 3181 1461 3232 camere

397 3290 591 3351 teneantur
603 3289 669 3349 eto.
688 3305 705 3345 n
712 3329 724 3368 ,
742 3281 779 3348 et
792 3276 896 3348 ‘ultra
921 3290 1174 3350 removeantur
1199 3275 1245 3349 ab
1272 3275 1404 3372 offitio,
1422 3295 1460 3350 et

320 3403 324 3410 '
363 3453 366 3459 .
395 3395 518 3496 aliquo
550 3408 717 3497 tempore
748 3397 988 3494 nonpossint
1021 3396 1157 3470 babere
1194 3421 1262 3470 noc
1291 3421 1461 3470 exercere

391 3514 545 3614 aliquod
568 3511 720 3588 offitium
746 3513 804 3588 vel
829 3512 1041 3587 benefitium
1068 3517 1105 3586 in
1131 3518 1276 3588 comuni
1300 3537 1369 3590 nec
1392 3541 1460 3616 pro
1554 3594 1557 3600 ,

396 3636 566 3727 comuni,
583 3647 620 3708 et
645 3637 677 3706 si
703 3607 978 3736 reprobaverint
1002 3635 1183 3736 ydoneum
1210 3633 1459 3710 fideiussorem

396 3752 455 3824 vel
480 3753 640 3852 ydoneos
666 3735 914 3845 fideiussores,
938 3755 1133 3852 puniantur
1160 3753 1325 3827 inlibris
1351 3755 1462 3856 vigin-

400 3872 590 3969 tiquinque
607 3870 742 3944 tertiolss
754 3871 917 3972 qualibet
933 3873 1021 3944 vioe.
1032 3873 1106 3963 Qui
1116 3872 1379 3972 approbatores
1392 3874 1464 3946 rint

398 4012 559 4088 mayores
585 3991 689 4061 annis
714 3991 1025 4091 vigintiquinque,
1042 4004 1081 4063 et
1106 3989 1264 4064 debeant
1288 3988 1461 4064 satisdare

395 4126 484 4180 num.
506 4106 612 4180 bonis
637 4105 911 4182 fideiussoribus
929 4130 1050 4182 coram
1069 4109 1221 4184 dominis
1239 4134 1302 4184 ser
1320 4133 1461 4184 camere
