3416 5054
1261 305 1309 374 od

255 413 444 516 iumehati,
471 421 611 498 scilicet
636 424 672 494 in
699 423 759 495 die
775 421 938 512 ueneris,
956 421 993 490 iu
1013 421 1157 508 civitate
1173 417 1312 492 Medio-

255 543 326 617 lani
343 556 381 618 et
397 541 580 616 suburbiis
598 541 771 632 civitatis,
788 541 879 610 etin
897 537 976 609 aliis
993 536 1118 610 diebus
1136 536 1310 610 merebat-i
1443 611 1452 628 ,

207 667 218 680 “
255 665 292 734 iu
308 663 482 736 comitatu
498 659 705 750 Mediolani,
718 655 861 730 scilieet
874 657 914 728 in
931 653 1004 726 illis
1016 654 1144 754 burgie'
1158 667 1194 727 et
1210 653 1310 746 locis,

255 777 316 852 ubi
343 777 438 850 [lunt
464 773 646 850 merchato
659 830 670 865 ‚
696 799 763 848 nec
794 772 847 846 illi
880 772 927 844 de
957 772 1075 871 bargo
1099 770 1310 846 Menoetae

252 898 290 968 iu
316 896 376 968 die
400 897 525 968 martis
550 896 754 966 incivitate
780 889 990 980 Mediolani,
1007 915 1076 964 nec
1093 888 1214 987 eliqua
1230 913 1312 988 per·

255 1039 342 1086 sona
366 1013 519 1108 alicuius
542 1013 650 1111 burgi
672 1009 730 1082 vel
757 1009 848 1101 loni,
872 1008 1011 1080 cassino
1034 1006 1093 1080 vel
1114 1008 1310 1082 molendini
1414 1045 1421 1058 ·

253 1132 371 1232 posuit
404 1154 484 1204 neo·
503 1129 638 1204 debeat
670 1127 825 1202 detineri
860 1127 983 1224 alique
1012 1126 1070 1202 die
1101 1126 1309 1200 incivitate

253 1247 450 1323 Mediolani
473 1275 541 1350 pro
565 1247 690 1320 debito
715 1247 769 1320 sui
796 1246 974 1338 comunis,
1000 1244 1087 1318 dmn
1111 1245 1312 1344 reperiatur
1420 1289 1421 1294 κ

255 1391 361 1438 auum
396 1367 552 1438 comune
586 1364 818 1438 satisdedisse
851 1362 902 1436 nd
933 1387 1113 1436 cameram
1149 1365 1314 1436 comunis

255 1483 470 1571 Mediolaui3
498 1481 635 1574 etheo
661 1483 729 1554 nisi
755 1480 867 1554 luerit
889 1480 936 1554 ad
961 1471 1170 1579 petitionem
1196 1479 1312 1573 illiue,

253 1604 316 1702 qui
345 1600 458 1672 fuerit
489 1602 566 1674 eins
598 1600 805 1704 fideiussor,
836 1617 873 1672 et
901 1599 974 1672 boc
1009 1600 1049 1670 in
1072 1599 1159 1698 ipsis
1188 1599 1311 1689 terris,

254 1718 317 1790 ubi
334 1718 469 1792 bretint
485 1717 645 1792 nundine
658 1745 720 1791 seu
735 1718 936 1810 mercham,
951 1731 992 1789 et
1003 1718 1110 1790 wem
1125 1715 1313 1813 veniendo,

254 1833 383 1908 stando
411 1851 464 1908 et
480 1836 667 1910 redeundo
702 1836 749 1908 ad
782 1843 880 1935 ipsas
913 1847 1028 1907 terrea
1060 1833 1118 1908 vel
1149 1833 1195 1906 ab
1224 1836 1312 1933 ipsiu

252 1955 360 2025 terris
384 1953 442 2026 vel
468 1978 594 2026 earum
619 1954 708 2053 ipsis
734 1953 883 2044 diebus5
909 1968 946 2025 et
972 1951 1003 2024 si
1028 1949 1312 2024 contrafactum

253 2069 362 2144 luerit
394 2095 461 2170 per
492 2070 647 2172 aliquem
676 2085 904 2144 exercentem
934 2071 1228 2144 iurisdictionem
1254 2069 1312 2142 vel

253 2187 300 2260 ad
325 2191 536 2288 petitionem
561 2189 710 2262 alicuius
735 2188 937 2290 singullaris
961 2213 1114 2288 persone
1138 2214 1206 2261 seu
1232 2190 1312 2260 uui·
1332 2205 1352 2274 s

253 2307 451 2399 versitatis,
475 2307 556 2406 ipso
581 2309 658 2380 iuro
682 2306 820 2392 nullum
846 2310 893 2380 ait
917 2321 953 2380 et
972 2331 1138 2395 cassum
1160 2320 1198 2378 et
1214 2305 1312 2406 quod

254 2424 409 2525 quilibet
432 2423 628 2516 iusdicens,
653 2427 718 2523 qui
743 2439 870 2498 contra
893 2424 1058 2525 predicta
1081 2423 1141 2496 vel
1164 2423 1313 2522 aliquod
1406 2443 1412 2456 “

254 2542 503 2643 predictorum
529 2541 675 2638 lecerit,
699 2543 988 2643 condempnetur
1018 2544 1057 2614 in
1082 2542 1183 2616 libris
1209 2545 1314 2642 quin-

45 2703 49 2714 .
132 2757 137 2769 ⁴
253 2663 425 2761 quaginta
456 2662 719 2754 tertiollorum,
744 2675 780 2735 et
809 2662 870 2736 ille
900 2661 945 2736 ad
972 2665 1074 2735 cuine
1100 2663 1311 2762 petitionem

255 2776 668 2871 muneremunere,
693 2783 731 2852 in
757 2779 857 2853 libris
881 2782 1172 2880 vigintiquinque
1183 2779 1315 2850 'tertio-

256 2896 399 2988 lorum,
422 2896 463 2970 et
487 2896 533 2970 ad
566 2901 826 2972 restitutionem
857 2899 1005 2998 dampni
1035 2923 1118 2970 cum
1148 2899 1313 2997 expausis

254 3026 292 3086 et
315 3016 528 3086 servitorum
553 3017 590 3086 in
616 3014 717 3087 libris
746 3017 872 3088 decem
899 3015 1136 3088 tertiolorum.
1162 3016 1212 3086 Et
1235 3039 1314 3116 pre·

254 3130 353 3204 dicta
377 3155 451 3202 nou
476 3131 671 3206 vendicent
694 3133 764 3205 sibi
790 3133 909 3206 locum
935 3136 972 3206 iu
998 3133 1155 3205 bannitis
1178 3132 1224 3204 de
1242 3156 1315 3204 ma·

255 3247 375 3322 leficio
406 3251 625 3324 etinimicis
655 3252 820 3323 comunis
852 3251 1069 3339 Mediolani3
1096 3266 1133 3324 et
1162 3250 1315 3350 quilibet

254 3370 368 3467 possit
392 3395 560 3442 accusare
584 3385 623 3442 et
645 3370 778 3443 habeat
804 3371 1059 3464 medietatem3
1087 3385 1123 3444 et
1148 3371 1314 3441 domium

254 3497 415 3583 potestas
438 3500 478 3558 et
501 3487 640 3560 iudices
663 3490 740 3560 eius
767 3501 803 3560 et
828 3489 981 3587 quilibet
1005 3515 1132 3562 eorum
1162 3487 1209 3558 de
1235 3507 1315 3585 pre·

255 3601 365 3674 dictis
396 3606 538 3714 possint
549 3663 560 3698 ,
593 3604 748 3680 debeant
779 3621 816 3680 et
847 3620 1036 3680 teneantur
1065 3608 1247 3704 inquirere
1278 3617 1316 3676 et

254 3721 522 3821 condempnare
556 3751 600 3798 ex
634 3723 776 3814 offiti03
808 3741 846 3798 et
879 3725 980 3824 quod
1013 3723 1153 3794 nullum
1189 3724 1313 3796 datum

256 4033 275 4075 a
302 4025 399 4079 «vide
416 4041 501 4096 super
517 4027 571 4086 hoo
589 4029 733 4087 decretum
751 4045 914 4092 eoncessum
938 4036 1012 4087 terro
1027 4037 1053 4086 el
1075 4032 1233 4091 hominibus
1252 4037 1309 4088 tto-

332 4111 447 4166 aoauo·
469 4115 557 4180 (uota
573 4117 605 4168 n
623 4117 689 4172 coa.
705 4119 733 4172 s.
752 4119 785 4187 o.
804 4123 832 4172 r.
851 4121 886 4172 n.
904 4122 962 4185 ao).
