3386 5122
407 313 451 380 ll}

400 439 436 496 ot
468 422 763 496 reformationum
797 425 959 494 comunis
994 421 1209 512 Mediolani,
1238 422 1355 494 taliter
1382 449 1471 495 cor·⁴

397 527 509 636 recta⁴
527 542 595 615 sub
625 543 733 616 unico
762 539 947 612 volumine
976 538 1257 638 comprehensa,
1286 543 1458 641 quamvix

400 663 435 730 in
457 673 547 733 octo
565 658 807 732 voluminibus
824 658 948 748 divisa,
966 659 1136 730 videlicet
1152 658 1459 748 iurisdictiouum‚

399 779 688 868 malleficiorum,
704 777 892 867 civillium,
911 777 1297 868 extraordinariorum,
1314 777 1462 850 victual·

398 896 500 990 lium,
518 896 712 985 detiorum,
731 910 971 967 mercatorum
991 908 1031 968 et
1047 894 1199 966 aliorum
1216 908 1460 970 mercatorum

397 1015 604 1088 facientium
630 1013 798 1090 laborare
822 1012 942 1086 lanam
968 1013 1162 1104 subtillem,
1181 1039 1265 1084 cum
1291 1013 1459 1086 modera-

397 1130 852 1223 tionibus,'additionibus,
878 1129 1176 1205 diminutionibus
1202 1144 1240 1202 et
1265 1132 1459 1204 correctio·

397 1249 505 1320 nibus
532 1250 621 1349 ipsis
647 1246 750 1318 factis
776 1245 814 1320 et
838 1248 1043 1346 descriptis,
1062 1249 1181 1339 etiam,
1199 1262 1243 1318 ut
1265 1247 1459 1345 prefertur,

399 1367 443 1438 ad
470 1370 716 1440 executionem
748 1367 932 1438 literarum
965 1365 1096 1464 prefati
1122 1367 1259 1437 domini
1293 1369 1460 1464 superius

399 1484 680 1588 descriptarum,
698 1497 882 1582 tamquam
909 1482 1005 1555 bona
1032 1499 1067 1554 ct
1093 1483 1195 1554 utilia
1222 1509 1290 1582 pro
1316 1486 1460 1556 comuni

397 1601 495 1675 bono
514 1603 703 1676 hominum
728 1616 764 1674 et
780 1625 1016 1702 personarum
1034 1601 1232 1674 Mediolani
1258 1614 1295 1672 et
1320 1603 1461 1672 univer-

398 1717 512 1791 sitatis
552 1720 662 1790 totius
702 1720 919 1809 comitatus,
940 1716 1093 1790 diocesis
1133 1730 1170 1788 et
1209 1719 1460 1790 iurisdictionis

397 1836 611 1929 Mediolani,
637 1835 916 1934 publicaverunt
941 1850 978 1906 et
1002 1836 1210 1934 publicant,
1238 1851 1273 1907 et
1304 1861 1371 1935 pro
1398 1862 1461 1935 pu·

397 1953 536 2024 blicatis
563 1968 599 2026 et
624 1955 758 2050 apertis
783 1952 909 2032 haberi
929 1953 1056 2024 volunt
1080 1968 1117 2024 et
1143 1954 1315 2026 mandant
1340 1953 1461 2025 taliter

398 2086 435 2144 et
447 2073 557 2143 modo
576 2071 652 2163 tali,
671 2052 769 2170 quod
786 2097 807 2141 a
823 2068 1000 2143 kallendis
1015 2074 1148 2143 mensis
1166 2074 1284 2144 martii
1296 2075 1459 2172 proxime

396 2187 528 2260 futuris
556 2191 592 2260 in
618 2204 722 2261 antea
750 2202 940 2260 serventur
960 2201 1000 2260 et
1026 2189 1210 2262 observari
1237 2189 1394 2262 debeant
1419 2213 1459 2260 ac

397 2305 562 2378 effectum
577 2306 744 2379 debitum
759 2309 956 2378 sortiantur
969 2307 1006 2376 in
1021 2306 1189 2378 omnibus
1203 2319 1240 2378 et
1252 2331 1320 2406 per
1330 2308 1460 2396 omnia,

396 2439 506 2524 prout
531 2425 568 2511 in
594 2425 697 2497 dictis
724 2438 781 2496 est
807 2438 1007 2516 anotatum,
1022 2438 1060 2496 et
1077 2423 1119 2496 de
1136 2425 1223 2523 ipsis
1240 2437 1279 2496 et
1297 2423 1460 2522 quolibet
1513 2511 1527 2524 α
1558 2503 1559 2506 ¹

397 2568 522 2616 corum
556 2557 794 2634 statutorum,
828 2554 939 2642 prout
971 2545 1166 2641 unicuique
1193 2542 1369 2642 placebit,
1396 2539 1461 2614 stat

398 2663 545 2760 coppia,
563 2685 606 2730 ac
625 2662 678 2732 eis
704 2659 797 2732 fides
825 2660 1039 2732 adhibeatur
1063 2662 1100 2731 in
1126 2660 1254 2735 iuditio
1280 2671 1319 2732 et
1344 2673 1459 2751 extra,

396 2793 433 2850 ct
457 2805 525 2878 pro
558 2779 640 2878 lege
669 2779 879 2878 municipali
913 2778 1169 2854 inviolabiliter
1203 2778 1458 2870 observentur,

396 2897 599 2968 habeantur
623 2910 660 2968 et
677 2910 894 2997 reputentur
910 2923 979 2996 per
995 2912 1031 2971 et
1048 2900 1141 2970 inter
1163 2897 1330 2969 homines
1357 2885 1460 2997 ipsa·

395 3021 475 3083 rum
503 3014 656 3086 civitatis
692 3030 730 3088 et
762 3017 976 3107 comitatuS,
1003 3016 1207 3107 districtus,
1234 3015 1390 3088 diocesis
1422 3028 1460 3088 et

395 3129 655 3205 iurisdictionis
673 3132 890 3225 Mediolani,
908 3150 945 3206 et
962 3133 1048 3206 inde
1065 3147 1161 3207 extat
1177 3133 1225 3209 de
1242 3136 1319 3232 ipsa
1337 3132 1459 3206 reffor-

394 3251 553 3322 matione
588 3252 869 3325 instrumentum
908 3252 1079 3323 traditum
1116 3265 1155 3323 et
1191 3264 1356 3350 rogatum
1394 3275 1459 3351 per

395 3368 659 3470 Galvagnolum
694 3369 940 3443 Marcellinum
973 3371 1155 3442 notarium
1193 3366 1313 3441 officio
1340 3367 1460 3469 provi·

395 3489 546 3580 xionum
573 3491 737 3561 comunis
761 3487 979 3581 Mediolani,
998 3513 1094 3561 anno
1103 3545 1114 3580 ,
1131 3486 1328 3562 indictione
1345 3501 1383 3560 ct
1399 3486 1458 3558 die

323 3633 327 3640 ’
395 3608 663 3707 suprascriptis.

444 3843 487 3912 In
513 3844 659 3916 nomine
684 3841 840 3917 Domini.
870 3845 948 3916 Hec
975 3858 1059 3916 sunt
1084 3856 1216 3916 statuta
1246 3858 1282 3916 et
1312 3843 1457 3914 ordina-

395 3975 516 4032 menta
543 3984 609 4032 seu
634 3963 710 4034 iura
736 3961 966 4062 municipalia
994 3959 1169 4033 facta‘seu
1188 3960 1395 4060 compillata
1413 3957 1459 4030 ad

395 4077 623 4178 magnificum
640 4093 676 4154 et
690 4079 888 4179 gloriosum
904 4082 1080 4153 honorem
1095 4082 1233 4152 domini
1247 4079 1363 4152 nostri
1376 4077 1458 4150 Iesu
