3338 5042
1209 275 1280 346 tat

230 411 322 486 opus
348 385 436 456 illud
462 371 634 456 asazatori
660 386 737 483 ipsa
760 386 819 458 die
845 385 902 456 vel
925 389 1103 483 sequenti,
1121 387 1283 486 alioquin

231 504 366 576 incidat
392 507 428 574 in
454 529 583 604 penam
602 503 695 574 illius
704 561 716 596 ,
731 507 792 602 qui
808 507 951 576 steterit
968 505 1062 576 ultra
1077 511 1095 554 Α
1108 505 1283 578 decimam

227 623 325 694 diem
351 635 391 692 ut
417 608 545 720 supra',
572 633 609 692 et
635 635 797 718 asanetnr
822 638 857 695 et
886 620 1062 713 bullctnr,
1089 626 1119 694 si
1147 624 1283 720 bonnm

230 751 412 838 repertum
430 738 555 828 fuerit,
574 751 611 810 et
623 738 862 836 quodnullus
870 739 1011 838 aurifex
1028 741 1085 811 vel
1103 739 1283 813 fabrichus

228 857 360 929 debeat
375 856 463 930 illud
480 879 617 946 emere,
637 859 706 928 nisi
724 855 833 927 luerit
853 857 1091 956 approbatum
1105 873 1146 930 et
1162 856 1284 930 iauda-

230 989 306 1046 tnm
326 988 362 1047 et
380 973 575 1064 bullatum,
595 974 663 1044 snb
681 997 774 1070 pena
792 973 967 1046 librarum
990 975 1116 1046 decem
1143 975 1283 1067 tertiat,

229 1107 267 1164 et
292 1117 382 1192 opus
409 1091 591 1189 frangatur
615 1093 645 1162 si
670 1093 715 1164 sit
733 1092 879 1184 malum,
896 1105 931 1164 et
957 1093 987 1162 si
1013 1117 1106 1192 opus
1122 1097 1284 1192 euiptnm

228 1209 435 1284 alubricho
461 1235 536 1281 non
561 1209 738 1280 bullatum
772 1223 958 1308 repertum
993 1210 1101 1282 suerit
1121 1210 1284 1302 malum,

229 1327 324 1400 ultra
349 1327 501 1400 formam
528 1327 730 1425 predictam
754 1324 882 1427 perdat
907 1353 1009 1425 opus.

277 1445 487 1518 CGXLVIL
520 1445 576 1517 De
600 1469 709 1545 opere
735 1449 1053 1540 urgentitminore
1087 1450 1181 1518 insta
1211 1449 1285 1540 liga

228 1561 315 1641 hinc
340 1577 440 1636 retro
455 1561 578 1662 facto'.
619 1593 648 1631 a

277 1680 378 1782 Opus
403 1680 543 1778 argenti
567 1680 651 1752 hinc
677 1695 774 1778 retro
800 1679 935 1752 lactum
962 1682 993 1751 si
1019 1682 1223 1780 reperiatur
1240 1680 1286 1756 de

227 1801 349 1872 cetero
370 1798 447 1870 fore
467 1799 618 1871 minoris
640 1798 817 1870 bonitatis·
836 1801 933 1870 iusta
956 1797 1047 1897 liga,
1077 1801 1287 1872 restituatur

226 1916 613 2018 magistro,*.quitillud
637 1917 856 2008 aeitdiderit,
878 1925 915 1988 et
940 1931 1054 1990 totum
1078 1917 1167 1988 illud
1189 1917 1288 1988 dama

227 2061 340 2133 pnum
353 2034 420 2128 illi,
435 2037 499 2133 qui
515 2035 684 2108 habuerit
701 2035 835 2106 dietum
851 2059 955 2133 opus,
969 2045 1006 2106 et
1018 2031 1065 2104 ad
1077 2034 1147 2109 hoc
1164 2033 1288 2108 fatien-

225 2153 312 2224 dum
330 2153 569 2253 compellatur
582 2155 759 2252 magister
775 2176 838 2254 per
858 2151 1021 2222 consules
1039 2151 1133 2224 dicte
1151 2151 1284 2225 schole.

278 2268 501 2343 CCXLVIII.
529 2269 640 2367 Quod
654 2275 761 2342 liceat
784 2268 930 2342 cuilibet
942 2267 1061 2368 fabro
1086 2295 1201 2342 emere
1226 2293 1286 2342 ar-

223 2403 390 2486 gentum..
1120 2393 1123 2402 ’
1160 2395 1164 2400 ’

277 2507 439 2597 Quilibet
471 2505 573 2580 faber
606 2509 723 2605 possit
748 2531 865 2579 emere
892 2507 1076 2603 argentum
1108 2504 1284 2604 (plantum

225 2621 397 2716 voluerit,
424 2625 504 2696 sine
513 2624 710 2696 blancham
737 2627 810 2696 sive
829 2617 1040 2697 deauratum
1058 2625 1201 2722 sit,¹pro
1219 2647 1284 2694 sno

227 2769 294 2814 usu
320 2759 356 2816 et
380 2745 642 2834 statione'·sue,
668 2756 712 2814 et.
729 2767 798 2841 pro
823 2741 1009 2814 vendendo
1035 2742 1112 2812 aliis
1138 2739 1284 2812 fabricis

226 2859 521 2959 prolaberendo
547 2863 584 2933 in
609 2861 837 2951 Mediolano,
863 2869 901 2931 'et
926 2857 1064 2932 alinare
1090 2867 1129 2930 et'
1149 2861 1285 2956 partire

226 3003 351 3048 aarum
378 2977 423 3049 ab
450 2989 616 3076 argent03
650 2990 687 3049 et
711 2975 831 3048 nullus¹
861 2957 937 3048 {ive
954 2974 1065 3047 *faber
1091 2975 1281 3047 sive'alius

227 3095 359 3168 debeat
384 3095 541 3168 vendere
572 3109 759 3192 argentum
784 3093 979 3165 blancham
1010 3093 1184 3192 ingrana
1215 3117 1283 3165 nec

222 3214 396 3312 iupeziis
423 3238 490 3313 pro
517 3212 696 3311 portando
723 3224 822 3284 extra
846 3209 1047 3282 districtum
1066 3210 1286 3300 Mediolani,

227 3315 294 3402 nub
310 3357 404 3433 pena
421 3331 595 3402 librarum
613 3330 738 3402 decem
758 3329 1003 3422 tertiolorum,
1030 3341 1068 3401 et
1092 3329 1185 3400 ultra
1201 3337 1284 3426 per·

226 3447 335 3532 dendi
361 3463 558 3550 argentum.
1064 3461 1068 3470 ’
1126 3459 1129 3468 ’
1283 3444 1287 3451 ’

79 3594 85 3603 ·
149 3577 153 3584 ’
275 3565 476 3638 CCXLIX.
504 3567 559 3638 De
585 3567 721 3639 eodem.

275 3671 434 3774 Quilibet
460 3685 561 3758 leber
587 3688 702 3786 possit
732 3687 920 3786 acquirere
951 3696 989 3756 ct
1021 3705 1143 3756 emere
1170 3691 1286 3754 toturn

225 3798 315 3872 illud
341 3816 551 3899 argentum,
576 3805 675 3902 quod
710 3828 858 3876 necesse
884 3801 993 3874 luerit
1027 3826 1094 3903 pro
1127 3826 1193 3872 suo
1220 3823 1287 3870 usu

227 4058 246 4102 a
272 4073 284 4099 a
303 4045 374 4106 inlra'
392 4051 530 4108 decimam
548 4051 622 4108 diem
643 4054 717 4120 »(1n
737 4052 800 4111 Cod-
821 4053 898 4136 Md·
