3338 5042
427 330 497 404 ⁴58

421 450 497 519 sida
513 504 524 538 ‚
557 446 622 517 suh
649 471 742 545 penu
775 443 960 516 soldorum
995 446 1120 543 viginti
1153 443 1391 518 tertiolorum
1409 471 1476 546 pro

421 564 584 662 quolibet
618 577 772 657 tessuto,
799 575 837 634 et
862 567 1028 633 testuml
1055 561 1197 634 talietur
1222 563 1258 632 in
1286 561 1405 633 medio
1431 563 1475 632 ad

422 696 674 753 transversum.
795 680 799 688 ’
1338 735 1341 744 ,

470 797 663 868 CCXLIII.
690 797 744 870 De
768 821 864 896 penu
890 801 1060 896 ponentis
1076 800 1250 886 vitreum,
1272 799 1475 868 cristallum

416 913 561 1015 duplam
586 932 651 987 aut
675 915 829 1016 lapidem
854 912 1120 1015 contrafactum
1146 919 1185 986 in
1211 939 1314 986 aurea

468 1033 649 1125 Vitreum,
669 1032 867 1105 cristallum
885 1031 995 1131 dupla
1019 1031 1076 1102 vel
1102 1030 1193 1128 lapis
1216 1027 1473 1102 contrafactum

419 1177 493 1222 non
522 1151 688 1248 alligetur
721 1152 760 1222 in
787 1174 894 1241 auro,
928 1150 997 1220 suh
1024 1175 1117 1248 pena
1143 1148 1318 1220 librarum
1346 1147 1474 1218 decem

418 1270 644 1340 tertiolorum
670 1267 832 1365 qualibet
848 1268 945 1357 vice3
974 1267 1075 1363 quod
1099 1291 1173 1337 non
1196 1265 1417 1364 intelligatur
1438 1267 1474 1335 in

418 1385 540 1457 anellis
567 1386 622 1458 vel
650 1386 822 1484 operibus
847 1385 985 1483 argenti
1009 1384 1199 1456 deauratis.
1280 1413 1303 1450 ·.
1407 1368 1411 1377 ’

468 1500 661 1573 CCXLIV.
700 1500 809 1598 Quod
839 1515 941 1574 certa
974 1526 1087 1600 opera
1112 1503 1286 1574 oraminis
1310 1515 1346 1572 et
1372 1505 1474 1572 auri-

415 1619 536 1693 calchi
555 1624 698 1721 possint
723 1625 868 1720 impune
892 1619 1075 1691 deaurari.
1099 1627 1101 1634 '
1415 1714 1419 1723 Ι

465 1739 639 1811 Deaurari
663 1739 780 1836 possit
805 1739 954 1836 impune
978 1761 1086 1836 super
1112 1737 1222 1834 opere
1246 1737 1414 1808 oraminis
1439 1749 1485 1808 et'

415 1855 626 1947 auricalchi,
643 1856 811 1926 videlicet
835 1879 978 1945 cruces,
998 1851 1183 1945 terrihuli,
1200 1851 1311 1945 freni,
1329 1857 1476 1953 speroni

411 1987 454 2046 et
478 1973 697 2045 fornimenta
722 1997 790 2071 pro
816 1973 919 2069 equis
945 1984 982 2042 et
1007 1971 1076 2042 alia
1102 1995 1212 2068 opera
1230 1973 1384 2064 minuta,
1401 1996 1475 2071 que

415 2092 600 2191 pertinent
628 2090 674 2161 ad
707 2087 950 2162 auricalchum
981 2100 1018 2160 et
1051 2112 1211 2179 ammon,
1238 2089 1323 2160 duin
1355 2101 1475 2160 tamen

301 2280 307 2296 ,
415 2209 507 2281 illud
523 2205 615 2308 opus
634 2220 797 2282 teneatur
815 2220 852 2278 et
868 2205 1044 2278 vendatur
1056 2231 1122 2304 pro
1141 2207 1203 2277 tali
1218 2231 1338 2306 opere,
1350 2219 1392 2278 ut
1407 2219 1472 2278 est.

465 2325 640 2396 CCXLV.
671 2326 726 2397 De
742 2351 839 2424 penu
857 2323 1040 2396 vendentis
1063 2329 1127 2395 vel
1137 2327 1364 2421 pignerantis
1381 2349 1473 2424 opus

347 2457 351 2466 '
413 2449 586 2518 cruminis
604 2450 664 2515 uel
680 2441 886 2516 auricalchi
903 2435 1114 2514 deauratum
1131 2447 1194 2514 vel
1208 2445 1475 2538 inargentatum

406 2587 479 2662 pro
507 2587 616 2662 opere
641 2545 727 2633 auri
750 2566 813 2632 vel
835 2564 986 2658 argenti.
1157 2657 1162 2667 Ι

429 2695 434 2720 ‘
462 2679 500 2751 Si
518 2680 597 2776 quis
616 2705 707 2780 opus
725 2679 873 2778 aliquod
890 2679 1060 2750 araminis
1079 2677 1134 2751 vel
1151 2677 1347 2751 auricalchi
1365 2679 1473 2752 deau-

412 2811 530 2870 ratum
554 2798 611 2870 vel
638 2797 910 2897 deargentatum
936 2796 1140 2870 vendiderit
1156 2797 1214 2869 vel
1233 2798 1475 2896 pigneraverit

410 2913 467 2987 vel
492 2918 735 2991 nominaverit
759 2915 818 2988 vel
843 2917 1088 3015 apretiaverit‚
1114 2940 1181 3014 pro
1206 2915 1362 2988 volendo
1385 2941 1493 2988 ven·⁴

297 3073 309 3090 ·
412 3031 497 3103 dere
523 3032 580 3105 vel
606 3035 797 3132 pignerare
822 3059 890 3133 pro
917 3057 1028 3133 opere
1046 3033 1126 3104 ariri
1142 3031 1201 3104 vel
1216 3034 1472 3136 argentiscon-

412 3153 631 3253 dempnetur
654 3157 693 3228 in
718 3156 820 3228 libris
847 3154 1042 3228 ducentum
1068 3154 1315 3247 tertiolorum,
1341 3167 1378 3226 et
1400 3179 1475 3226 cas·

412 3285 510 3343 setur
535 3272 582 3343 ab
609 3285 702 3364 arte,
721 3297 787 3345 nec
814 3299 975 3370 unquam
1000 3273 1196 3373 recipiatur
1220 3276 1258 3370 in
1285 3285 1379 3366 arte,
1404 3298 1473 3346 nec

411 3390 529 3488 possit
553 3389 615 3462 uti
635 3417 678 3463 ea
704 3405 791 3464 arte.
1281 3397 1288 3416 ’
1369 3395 1372 3404 ’

460 3505 653 3581 CCXLVI.
682 3509 794 3608 Quod
817 3498 1025 3584 conducens
1057 3535 1150 3613 opus
1174 3535 1304 3584 novum
1331 3515 1477 3608 urgenti

405 3640 587 3724 presentet
610 3631 787 3700 asazatori
810 3632 886 3727 apsa
912 3628 969 3700 die
994 3631 1053 3701 uel
1076 3633 1244 3730 sequenti.

461 3740 498 3812 Si
524 3745 605 3841 quis
631 3746 843 3819 conduxerit
870 3749 963 3818 intra
989 3750 1170 3820 civitatem
1190 3745 1386 3819 Mediolani
1405 3746 1473 3818 ali·

412 3858 510 3954 quod
536 3886 629 3960 opus
655 3867 789 3962 argenti
816 3891 948 3936 novum
966 3891 1034 3964 pro
1059 3865 1269 3959 vendendo,
1287 3867 1475 3966 pr'es'entet

412 4114 430 4156 Α
460 4127 472 4156 u
493 4109 620 4163 torulum
638 4129 652 4159 a
673 4111 720 4178 (In
735 4112 800 4166 cod.
819 4117 849 4167 Β.
869 4114 922 4179 19).
