3386 5122
1246 303 1292 376 dl

243 417 475 494 v'fflVII.
514 415 570 494 De
599 417 739 494 iuribus
760 413 970 496 'Mediolani‘
1000 422 1079 496 saa
1106 422 1143 492 in
1176 423 1294 497 atiena

242 537 493 610 iurisdictione
519 533 757 636 dependendis.

291 651 456 728 Potestas
481 667 519 726 et
543 656 668 730 vicarii
694 652 800 730 ollitii
825 656 1077 755 provisionum
1108 667 1296 731 teneantur

242 774 381 872 precise
399 770 591 850 defendere
607 771 772 846 omnibus
799 772 916 846 modis
939 772 1034 864 iura,
1052 775 1296 871 possessiones

243 901 281 960 et
314 891 473 962 rationes
506 913 652 962 suorum
686 890 890 964 comunium
923 903 960 972 et
995 890 1228 967 ecclesiarum
1254 903 1296 978 ¹et

242 1012 458 1085 clericorum
486 1011 640 1086 civitatis
665 1025 701 1084 et
723 1011 912 1088 comitatus
937 1011 1138 1090 Mediolani
1155 1014 1242 1090 sitas
1260 1016 1296 1087 in

241 1129 356 1204 aliena
373 1125 631 1220 iurisdictione,
650 1131 778 1202 sivein
796 1127 960 1206 confiniis
984 1133 1295 1210 circumstantium

150 1337 152 1340 Ι
241 1249 425 1320 civitatum
443 1263 476 1318 et
494 1260 685 1340 terrarum,
702 1260 740 1319 et
758 1273 885 1326 curare
903 1259 941 1324 et
957 1245 1076 1326 fecere
1092 1273 1160 1346 pro
1177 1269 1296 1348 posse,

240 1365 342 1466 quod
378 1367 559 1464 possessio
596 1367 757 1464 ipsarum
790 1391 909 1440 rerum
950 1379 987 1442 ot
1018 1364 1150 1444 ianam
1188 1370 1293 1448 resti-

239 1496 387 1576 tuatur‚‘
402 1497 441 1556 et
466 1484 503 1556 in
528 1508 570 1556 ea
595 1485 826 1583 possessione
854 1497 1163 1564 manuteneamus.

290 1599 489 1672 LXXVIII.
517 1600 572 1675 De
597 1600 730 1676 eodem.

289 1719 457 1790 Potestas
491 1722 655 1790 comunis
691 1717 889 1794 Mediolani
925 1731 964 1790 et
996 1721 1150 1800 vicarius
1187 1719 1295 1796 offitii

238 1837 486 1934 provisionum
512 1850 707 1910 teneantur
731 1849 769 1910 et
794 1837 952 1913 debeant
983 1837 1118 1912 civibus
1144 1851 1181 1911 et
1205 1864 1293 1916 con-

239 1953 371 2028 tadinis
397 1957 471 2026 suis
497 1954 586 2029 dare
612 1955 801 2028 consilium
828 1967 866 2026 et
888 1954 1049 2030 favorem
1071 1956 1116 2030 ad
1134 1982 1197 2033 sua
1215 1983 1294 2030 cre-

239 2070 314 2144 dita
339 2085 377 2146 et
401 2074 479 2146 iura
505 2072 764 2172 consequenda
790 2087 827 2144 et
851 2072 1015 2147 habenda
1047 2073 1093 2144 ab
1120 2075 1293 2150 universi-

238 2187 373 2262 tatibus
399 2205 436 2261 et
463 2189 717 2290 singullaribus
740 2191 904 2290 personis
934 2203 1138 2263 castrorum
1164 2206 1201 2266 et
1227 2206 1294 2268 ter-

235 2333 356 2382 rarum
369 2307 474 2382 Italie
491 2322 528 2381 et
541 2308 685 2403 aliunde
702 2321 829 2382 contra
843 2310 1096 2386 universiuaes
1114 2324 1151 2384 et
1168 2335 1293 2385 earum

235 2453 421 2528 personas,
432 2453 506 2527 que
522 2425 722 2502 defecerint
734 2427 870 2502 civibus
884 2441 922 2498 et
937 2428 1142 2502 contadinis
1160 2433 1293 2502 nostris

237 2543 294 2617 rel
320 2543 430 2617 alicui
456 2570 582 2617 eorum
608 2547 645 2617 in
671 2547 804 2618 iustitia
830 2544 1013 2637 facienda,
1037 2543 1135 2618 salvo
1151 2571 1294 2647 semper

235 2675 370 2735 statuto
406 2663 505 2763 quod
539 2662 703 2762 loquitur
736 2663 783 2737 de
820 2664 1093 2742 denuntiatione
1128 2662 1291 2748 facienda

236 2781 523 2856 merehatoribus
548 2781 763 2872 Mediolani,
799 2796 990 2881 antequam
1017 2781 1096 2854 laus
1119 2787 1137 2832 Δ
1162 2783 1291 2874 detur3

236 2924 311 2996 quo
328 2912 481 2988 servato,
500 2912 666 2973 teneatur
682 2911 844 2998 potestas
862 2899 1057 3000 procedere
1075 2913 1197 2975 contra
1213 2926 1294 3000 pre·

235 3018 355 3090 dictos
380 3017 427 3094 ad
453 3017 611 3092 dandum
638 3014 761 3092 laudes
786 3030 825 3090 et
852 3016 1089 3116 represaliaS,
1115 3041 1157 3090 ac
1182 3020 1293 3096 otiam

233 3133 367 3212 eisdem
397 3135 567 3211 remediis
601 3149 640 3208 et
675 3133 833 3225 auxiliis,
865 3135 999 3233 quibus
1032 3135 1293 3236 procederetur

233 3269 356 3326 contra
382 3267 584 3346 nostrates,
608 3255 639 3325 si
653 3267 739 3325 'non
764 3269 992 3328 servarentur
1016 3237 1156 3330 eisdem
1175 3268 1290 3328 extra-

234 3374 312 3446 neis
336 3371 455 3444 Ytalie
480 3385 517 3444 et
543 3370 700 3444 aliunde.

235 3547 252 3588 a
269 3543 373 3609 Nempe
390 3538 546 3608 tlarigatio,
560 3537 616 3594 ital.
627 3537 831 3609 roppreeaplt'u,
843 3539 906 3608 gall.
920 3537 1105 3610 repreatttu:
1121 3539 1200 3593 deest
1213 3538 1282 3594 haee

309 3639 361 3678 vox
378 3624 409 3680 in
426 3625 514 3680 Gloss.
535 3623 712 3694 Dacnngiano
722 3651 735 3693 ,1
748 3628 778 3680 et
793 3623 929 3680 ornistitnr
954 3624 1038 3678 etiam
1063 3623 1093 3678 in
1117 3623 1281 3680 recensione
1312 3693 1315 3700 Ι

310 3709 480 3778 Henscholii5
491 3709 551 3763 eius
562 3708 752 3764 definitionem
763 3709 878 3780 praebet
888 3715 985 3764 auctor
995 3709 1176 3782 Breviloqnii,
1184 3708 1280 3765 dicens

309 3809 342 3847 ea
359 3793 509 3863 significari
527 3793 679 3859 actionem,
698 3807 753 3865 qua
770 3794 832 3864 quis
849 3793 983 3848 oriundus
1001 3793 1035 3847 de
1053 3809 1108 3849 una
1124 3799 1197 3850 terra
1213 3810 1280 3865 spo·

307 3878 390 3936 liaurr
405 3878 452 3934 vel
469 3877 663 3934 damnificatur
680 3879 715 3934 ab
732 3878 787 3934 alio
805 3879 921 3934 oriundo
937 3878 973 3932 ab
983 3877 1039 3934 alia
1050 3884 1134 3949 terre,
1144 3879 1280 3936 ueletiam

307 3963 329 4018 si
346 3979 404 4022 non
420 3963 547 4018 debitum
563 3963 675 4020 solverit
692 3963 730 4018 ei:
749 3967 813 4018 tuno
830 3963 904 4018 enim
921 3963 1003 4020 datur
1018 3967 1139 4032 potestas
1155 3965 1200 4022 isti
1214 3981 1280 4037 spo-

306 4049 387 4116 liato,
405 4047 481 4122 quod
498 4048 523 4102 ei
541 4047 690 4104 satisfaciat
707 4051 802 4102 contra
823 4046 974 4118 quemlibet
989 4048 1019 4104 ia
1036 4049 1188 4117 terrama,
1206 4051 1279 4106 unde

307 4137 351 4188 est
365 4134 500 4204 spoliator
517 4133 560 4188 vel
577 4133 693 4189 debitor.

1229 4238 1255 4284 5.
