3410 5048
439 473 445 480 ·
474 447 630 523 CXCVI.
658 445 769 547 Quod
784 448 906 522 dmttcs'
919 447 1132 550 superstites
1153 443 1374 538 stettsto'des
1388 469 1471 524 cur)

418 578 545 643 cerum
561 583 618 640 'etv
630 573 689 639 stat
711 561 877 669 effetatus
901 581 937 638 et
948 583 1117 663 gerentes
1127 589 1200 670 pre
1217 573 1268 641 eis
1284 563 1475 644 matacrei·

420 687 472 759 ad
493 684 741 760 otultrmmento
754 681 864 784 facto
889 684 934 756 de
957 681 1207 785 superstitibus
1221 683 1434 761 'carcer-um.
1465 713 1468 721 ·

457 803 526 876 ad
551 801 797 876 ordinamehta
820 799 873 874 de'
896 802 1149 902 superstitibus
1183 799 1366 876 carcerum
1400 820 1473 878 tam

415 940 488 1023 pro
515 917 694 994 solutione
719 941 826 1018 quam
857 919 947 992 aliis'
969 919 1255 1020 quibuscumque
1284 917 1474 1006 teneantur

414 1061 547 1114 *omnes
573 1037 785 1138 superstites
810 1037 848 1108 et
872 1060 997 1110 omnes
1018 1037 1190 1124 ¹custodes
1225 1061 1410 1114 carcerum
1435 1055 1473 1113 et

388 1211 390 1214 -
420 1160 475 1232 sui
508 1155 673 1230 offitiules
699 1167 735 1226 et
761 1167 923 1252 gerentes
949 1165 1018 1254 pro
1044 1159 1113 1252 eis,
1140 1168 1212 1230 tam
1239 1151 1284 1232 ud
1309 1176 1471 1232 carceres

292 1375 294 1378 Ι
388 1330 390 1334 -
418 1273 620 1347 Molestolle
635 1276 655 1322 Α
671 1273 780 1373 Quin
799 1267 964 1373 Malpage
983 1275 1085 1367 Rizii,
1104 1275 1225 1376 palatii
1243 1271 1471 1350 dominorum

417 1387 624 1484 duodecim,
650 1392 759 1464 turris
788 1389 829 1463 ‘e't
843 1390 1071 1490 *ubicumque
1094 1393 1207 1465 velint
1238 1389 1407 1492 custodiri
1434 1408 1472 1468 et

392 1512 664 1596 custodiantur
688 1512 725 1580 in
751 1507 892 1581 civitate
916 1509 973 1580 vel
998 1511 1108 1583 extra.
1191 1507 1194 1514 ’
1277 1507 1279 1510 ’
1460 1507 1463 1512 ’

392 1651 396 1658 ’
441 1629 647 1702 -CXGVIL
688 1629 744 1699 De
779 1633 1095 1701 remuneratione.
1116 1637 1345 1733 superstitum
1380 1655 1471 1706 cara

413 1765 554 1822 cerum.
1234 1745 1236 1749 ’
1283 1751 1285 1756 ’
1333 1743 1336 1748 ’
1459 1743 1463 1748 ’

468 1865 610 1964 Hospes
636 1869 699 1964 qui
725 1889 798 1936 non
824 1866 872 1936 sit
898 1864 1106 1964 superstans
1120 1863 1332 1960 carcerum,
1358 1867 1472 1967 possit

415 1977 551 2057 habere
576 1996 613 2054 et
637 1982 769 2054 habeat
791 2003 859 2081 pro
884 1981 1042 2082 introytu
1060 1997 1097 2055 et
1113 1983 1309 2071 stallaticho
1327 1981 1470 2056 et'lecto

418 2117 440 2173 a
455 2099 618 2200 quolibet
632 2095 654 2153 '¹
667 2095 772 2199 capto
782 2101 951 2172 decades
969 2115 1029 2172 'ser
1044 2103 1176 2174 tertiol.
1191 2107 1226 2174 io
1240 2103 1350 2174 dieet
1366 2111 1472 2176 nocte

412 2231 454 2292 et
479 2241 553 2292 non
579 2217 693 2310 ultra,
719 2231 756 2290 et
790 2231 930 2317 captus·
948 2221 1063 2316 possit
1092 2239 1212 2291 emere
1244 2216 1282 2293 et
1298 2215 1471 2321 'recipere

416 2337 537 2410 eibum
569 2349 606 2409 et
637 2333 762 2436 potum
795 2336 1048 2435 undecumque
1079 2333 1254 2429 voluerit,¹
1276 2351 1313 2410 et
1338 2336 1470 2438 hospes

417 2454 550 2528 habere
574 2455 736 2554 possita
761 2453 924 2554 quolibet
949 2465 1057 2554 capto
1082 2449 1250 2527 denarios
1280 2449 1471 2526 duodecim

416 2572 548 2645 tertiol.
567 2584 603 2644 et
620 2594 694 2644 non
711 2571 803 2644 ultra
818 2593 886 2672 pro
904 2573 1006 2670 bogis
1023 2571 1197 2671 ponendis
1215 2586 1253 2646 et
1271 2572 1453 2645 trahendis
1459 2598 1470 2666 3

410 2703 453 2762 et
468 2691 499 2764 si
518 2703 644 2763 contra
660 2687 793 2763 iactum
810 2691 917 2762 buerit
932 2681 1002 2790 per'
1015 2687 1175 2792 hospites
1192 2687 1473 2785 vel'serritores

416 2819 583 2881 teneatur
608 2821 769 2909 potestas
787 2805 983 2881 Mediolani
1005 2806 1282 2884 contraluctores
1308 2809 1473 2883 condem·

409 2949 528 3026 ‹poare
542 2924 800 3025 quolibet-vice
817 2928 855 2998 in
873 2927 982 3000 soldis
1000 2941 1145 2999 centum
1168 2927 1294 3000 tertiol.
1313 2925 1473 3026 qualibet

373 3033 379 3052 ⁸
416 3045 508 3136 vice,
525 3057 562 3116 et
577 3044 623 3116 ad
641 3045 899 3122 restituendum
918 3057 1025 3145 cepto
1042 3046 1216 3143 quicquid
1233 3048 1266 3118 ei
1281 3046 1364 3146 plus
1376 3037 1472 3120 abln-

365 3147 367 3152 η
415 3174 494 3233 turn
518 3159 643 3253 fuerit3
670 3175 707 3234 et
725 3161 873 3262 quilibet
896 3165 1013 3262 possit
1037 3165 1218 3256 accusare,
1244 3177 1280 3236 et
1302 3165 1471 3238 medietas

418 3282 473 3352 sit.
491 3283 730 3372 accusatoris,
747 3291 784 3352 et
808 3281 877 3354 ulie
896 3281 1070 3355 medietas
1087 3283 1133 3354 sit
1149 3284 1310 3355 comunis
1324 3279 1470 3356 Medio·-

417 3397 491 3470 ltni
507 3399 610 3498 'pene
636 3399 888 3498 suprascripte,
914 3405 954 3470 et
978 3399 1188 3474 adhibentur
1209 3397 1299 3474 fides
1324 3395 1471 3472 cuilibet

415 3515 523 3616 copto
549 3540 630 3588 curn
654 3518 890 3590 sacramento?
901 3518 980 3591 'eius
998 3532 1035 3590 et
1050 3541 1125 3591 uno
1141 3531 1234 3592 teste
1259 3519 1333 3592 fide
1348 3519 1472 3620 digno,

416 3636 445 3704 si
476 3632 632 3735 predicti
672 3635 835 3735 hospites
874 3637 967 3736 plus'
988 3638 1192 3738 receperint
1225 3649 1344 3736 quum·
1368 3659 1472 3736 supra

414 3823 432 3871 t
458 3817 590 3874 Carceres
616 3815 800 3874 Malaestallae
829 3821 908 3876 erunt
938 3835 995 3876 non
1020 3819 1175 3892 proculab
1197 3783 1315 3877 ecclesia
1342 3781 1463 3896 hyemali

438 3963 440 3966 ¹
489 3896 510 3954 sss
528 3899 631 3958 uanae
648 3902 677 3958 et
686 3915 781 3976 prope
797 3901 894 3960 turrim
911 3903 1078 3961 credentiae
1095 3919 1117 3961 s.
1134 3903 1270 3962 Ambrosii
1286 3905 1317 3962 in
1333 3906 1462 3977 pemseia

488 3999 526 4040 ss.
544 3986 681 4046 leonardi
696 3992 727 4042 et
742 3987 861 4046 oudin.
878 3986 958 4046 allus
973 3989 1010 4046 ud
1024 3994 1120 4060 portos
1135 3987 1252 4048 sisium
1269 3993 1298 4046 et
1314 3990 1365 4046 sub
1381 3988 1463 4048 usti·

488 4067 584 4138 palatii
602 4071 666 4126 novi
682 4072 887 4129 communitatis
904 4074 1050 4130 exstabant
1066 4089 1201 4130 carceres.

412 4160 432 4208 1
460 4165 667 4226 «quocumque
688 4178 700 4204 n
719 4155 764 4224 (la
782 4158 846 4213 Cod.
864 4162 894 4212 n.
915 4159 967 4227 ts).
