3386 5122
1249 265 1287 334 3l

231 376 283 449 ΒιΒ
298 380 373 451 exit
374 405 397 449 u
359 361 505 450 tdicti
523 384 579 450 sui
569 374 702 450 offitii
721 359 987 490 computandis}
1006 391 1042 448 et
1048 357 1153 447 ultra
1160 357 1294 477 ipsum

233 485 422 568 numerum
448 507 521 568 non
537 496 645 568 liceat
661 495 843 596 potestati
850 520 917 566 neo
935 494 1040 566 alicui
1056 520 1097 566 ex
1098 483 1295 566 iudicibus

231 655 298 703 nec
315 629 397 704 olfit
383 631 574 730 tialibus
544 657 618 705 eius
633 627 751 704 facere
770 631 875 703 aliam
889 631 1093 720 cernedam,
1101 655 1169 702 nec
1188 633 1297 704 citare

227 748 390 848 'aliquam
417 751 523 822 aliam
550 775 741 850 personam
761 749 858 820 dicta
879 749 937 822 rel
954 747 1075 821 sinrilli
1093 751 1296 841 occarione,

231 867 298 938 sub
325 893 444 968 penna
470 859 568 940 dicto
593 869 761 967 potestati
788 865 962 938 librarum
990 880 1136 940 centum
1167 870 1295 969 tertio·

232 985 349 1057 lorum
377 987 537 1087 qualibet
561 989 648 1058 vice

282 1102 471 1174 XXXVII.
509 1099 618 1201 Quod
647 1075 920 1204 potestatuum
947 1119 1020 1176 tutu
1047 1129 1113 1175 rua
1126 1101 1293 1202 familiia

232 1235 395 1294 teneatur
411 1237 510 1294 sture
522 1223 573 1293 ad
583 1225 812 1316 uindicatum,
825 1238 860 1293 et
872 1222 916 1315 de
933 1245 979 1294 οι
979 1221 1063 1294 dine
1079 1219 1293 1294 ordinandi.

231 1339 233 1346 ’
280 1335 459 1432 Potestas,
482 1338 595 1412 'linito
623 1355 787 1440 tempore
814 1343 869 1411 sui
900 1333 1083 1440 regiminis
1092 1363 1102 1432 ,⁴
1129 1353 1294 1434 teneatur

228 1473 323 1531 stare
334 1471 418 1558 post
432 1458 573 1554 finitum
590 1455 694 1530 suum
711 1461 875 1557 regimen
893 1485 975 1530 cum
994 1473 1067 1531 totu
1083 1484 1147 1530 sua
1159 1457 1294 1554 familia

229 1576 266 1648 in
285 1573 648 1648 ciuitatelll'ediolani
667 1577 713 1647 ad
731 1575 958 1682 sindicatum,
974 1591 1014 1648 ut
1032 1575 1125 1647 infra
1138 1577 1294 1669 dicetur,

216 1691 412 1788 fetf'l’ac'ere
438 1689 618 1788 rationem
643 1693 792 1766 cuilibet
817 1695 886 1766 sub'
912 1693 1293 1788 sindicatoribusPJ-e't

227 1811 414 1886 attendere
432 1827 469 1885 et
486 1811 679 1906 observare
700 1827 737 1884 et
753 1809 942 1908 observari
960 1809 1079 1885 lacere
1097 1825 1135 1884 et
1152 1817 1293 1908 curare,

227 1917 325 2029 quod
351 1955 477 2002 omnes
503 1927 557 2001 illi
584 1930 630 2002 de
656 1953 722 2002 sua
747 1929 882 2003 familia
909 1931 1081 2004 atendant
1103 1944 1140 2001 et
1164 1925 1290 2041 obser

226 2061 311 2121 vent
330 2045 504 2164 quicquid
522 2047 576 2118 illi
594 2047 832 2120 sindicatores
849 2048 906 2121 vel
924 2072 1048 2148 mayor
1061 2072 1147 2148 pars
1165 2036 1290 2121 eorum

162 2195 163 2200 ¹
226 2143 383 2239 dixerint
422 2151 459 2238 et
496 2167 684 2238 statuerint
713 2165 781 2238 vel
818 2165 1134 2265 pronuntiaverint
1165 2181 1290 2238 contra

226 2286 343 2380 ipsum
361 2295 577 2382 potestatem
594 2289 613 2332 ¹
632 2285 689 2378 vel
708 2283 864 2381 aliquem
884 2284 929 2355 de
947 2283 1012 2356 sua'
1024 2282 1175 2380 familia,
1188 2263 1290 2380 illum

223 2399 282 2473 vel
309 2385 390 2472 illos
419 2400 659 2499 velaliquem
685 2427 727 2474 ex
754 2405 806 2474 eis
834 2383 1147 2502 condempnando,
1166 2416 1202 2498 et
1219 2403 1288 2474 hoc

222 2515 422 2619 antequarn'
443 2521 629 2614 discedant
654 2521 700 2594 de
727 2523 873 2594 civitate
894 2518 1094 2595 Mediolani
1113 2527 1140 2593 ⁰.
1161 2523 1210 2593 Et
1226 2521 1288 2620 qul

225 2638 460 2711 sindicatores
489 2639 585 2711 infra
612 2639 737 2711 decern
765 2639 840 2712 dies
867 2666 887 2711 a
914 2641 974 2712 die
1007 2643 1140 2713 incoati
1165 2637 1288 2738 eor'urn

224 2753 336 2830 officii
359 2727 627 2860 computandos
645 2773 791 2833 teneant
792 2787 836 2832 ur
854 2764 1091 2869 pronuntiare
1117 2761 1163 2833 de
1190 2787 1233 2834 eo
1252 2753 1288 2835 et

222 2898 407 2995 supereo,
424 2877 521 2976 quod
539 2867 716 2978 liquidum
739 2871 866 2970 fuerit,
885 2894 921 2952 et
939 2880 974 2951 id
977 2879 1093 2977 quod
1112 2861 1287 3014 liquidum

221 3019 295 3066 non
313 2991 350 3066 fu
352 2993 422 3068 erit
423 2995 600 3094 ,liquidet
601 3017 654 3090 ur,
673 3021 703 3070 ει
693 2997 890 3094 liquidari
910 2998 1055 3096 poterit,
1072 2987 1187 3080 infra
1170 2999 1288 3096 quin·

220 3121 294 3209 'que
314 3105 389 3186 dies
411 3117 573 3214 proxime
592 3129 811 3217 sequentes3'
825 3107 956 3213 quibus
973 3107 1103 3188 diebus
1122 3119 1285 3216 quinque

221 3229 365 3331 elapsis,
380 3245 570 3326 teneantur
588 3233 676 3306 dicti
700 3234 939 3308 sindicatores
957 3235 1051 3306 infra
1072 3235 1162 3306 alios
1181 3231 1285 3331 quin'l

218 3353 290 3446 ‘que
316 3351 404 3444 dies,
421 3354 604 3451 proximos
631 3355 865 3452 pronuntiare
892 3350 1194 3453 condempnando
1225 3349 1284 3426 vel

220 3463 442 3538 absolvendo
446 3467 543 3558 ,⁴sub
533 3469 678 3574 penna
699 3464 875 3564 librarum
900 3467 1028 3543 decem
1056 3469 1283 3562 tertiolorum

219 3723 236 3766 ι
263 3715 333 3771 vide
345 3713 514 3774 decretum«
504 3725 610 3789 «super
626 3719 820 3776 sindloatihus
838 3681 963 3788 (Notata
976 3717 1040 3774 Cod
1051 3723 1079 3774 S.
1083 3723 1122 3800 Q
1132 3723 1160 3773 P.
1169 3725 1206 3789 rt,
1220 3726 1277 3784 tot.

218 3808 238 3852 ιι
264 3800 335 3856 vido
352 3791 487 3859 stitruum
503 3805 567 3860 ndo
573 3810 748 3860 sacramento
765 3803 915 3876 prestando
932 3817 983 3874 por
1000 3802 1073 3859 dom.
1082 3807 1279 3875 potestatum».

218 3913 221 3918 ν
296 3887 512 3955 (Notoiocod.
530 3893 557 3946 S.
576 3894 609 3960 Q.
627 3896 656 3944 P.
674 3895 711 3958 11
729 3891 832 3958 Sol.
996 3909 1000 3918 ·

218 3976 236 4018 o
262 3964 332 4024 tide
351 3973 513 4026 statutum
526 3974 561 4031 tle
573 3967 718 4042 elligendls
736 3971 969 4034 sindioatoribur
986 3975 1117 4044 (Notata
1125 3937 1188 4032 coll.
1201 3978 1228 4030 S
1239 3977 1272 4044 Q.

268 4059 323 4115 P.
342 4059 383 4124 11,
400 4059 454 4125 90].
