3338 5042
1182 277 1246 348 ist

189 393 261 465 'arel'
280 391 389 466 iudici
414 417 480 464 suo
505 387 550 466 ad
578 385 762 483 malelitia,
781 393 844 489 qui
871 416 979 491 super
1005 393 1057 463 eis
1083 387 1258 492 procedat

189 523 304 612 prout
321 508 446 601 debet,
472 509 672 582 secundum
691 497 842 580 formam
863 521 1074 601 statutorum
1094 514 1257 582 comunis

194 625 409 701 Mediolani.
1011 669 1014 674 -

209 819 213 826 ,
248 739 448 816 CCXXIX.
470 741 581 839 Quod
591 758 723 818 statuta
736 759 771 816 et
787 744 1033 817 ordinamenta
1041 744 1258 845 parutieko-

119 861 136 886 ⁵
192 889 302 955 rum,
322 888 392 963 que
410 876 492 934 sunt
508 879 637 937 contra
663 863 913 936 ordinamenta
933 869 1095 937 comunis
1119 864 1257 938 Menio-

193 986 292 1073 tani,
312 1007 386 1054 non
401 986 549 1054 valeant
570 996 605 1052 et
621 993 783 1073 teneant,
801 985 872 1053 nisi
881 979 1029 1080 suerint
1044 981 1257 1083 approbata.

251 1099 388 1172 Statuta
404 1111 442 1170 et
459 1099 621 1198 quelibet
639 1098 710 1171 alie
726 1101 968 1199 provisiones,
987 1099 1260 1175 reformationes

197 1229 238 1296 et
261 1216 511 1299 ordinationes
536 1215 686 1288 alicuius
709 1215 851 1316 collegii
879 1241 940 1288 seu
963 1220 1116 1315 paratioi
1134 1224 1151 1267 Α
1172 1221 1260 1290 civi-

194 1336 296 1436 tatis
311 1334 367 1406 vel
393 1335 651 1424 universitatis,
670 1337 878 1426 comitatus,
895 1335 1054 1407 diocexis
1079 1335 1136 1408 vel
1154 1339 1261 1409 iuris-

194 1451 366 1557 dictionis
394 1450 609 1544 Mediolani,
626 1451 683 1522 vel
701 1454 736 1522 in
761 1478 918 1550 quorum
945 1456 1173 1553 possessione
1197 1481 1261 1527 seu

196 1571 305 1674 1quasi
331 1567 438 1656 luerit
465 1593 620 1640 comune
646 1568 860 1659 Mediolani,
886 1570 942 1644 vel
973 1570 1090 1669 alique
1117 1571 1262 1643 ordina-

200 1688 334 1779 tiones,
353 1711 424 1784 que
449 1685 627 1758 haberent
651 1687 818 1758 homines
843 1686 994 1759 alicuius
1022 1690 1261 1762 universitatis

199 1806 297 1894 inter
324 1829 382 1896 se,
410 1830 483 1876 non
517 1805 659 1878 valeant
683 1830 748 1878 nec
783 1819 947 1898 teneant,
974 1808 1004 1879 si
1029 1821 1113 1879 sunt
1137 1819 1264 1879 contra

200 1923 450 2015 ordinamenta
486 1924 649 1994 comunis
682 1911 878 1997 Mediolani
896 1931 933 2017 ⁸,
959 1939 996 1998 et
1026 1928 1095 1997 nisi
1129 1924 1266 2000 fuerint

200 2042 400 2141 approbata
417 2056 454 2113 et
466 2041 666 2141 approbate
683 2064 749 2140 per
765 2043 936 2115 vicarium
956 2058 991 2116 et
1004 2042 1157 2116 offitium
1176 2070 1270 2144 pro-1

200 2159 383 2244 ¹titionum
410 2160 562 2230 civitatis
588 2158 784 2232 Mediolani
811 2159 866 2231 vel
892 2160 1001 2234 alium
1024 2159 1069 2232 de
1095 2160 1264 2234 mandato

204 2277 339 2350 domini
367 2275 581 2368 Mediolani,
608 2289 642 2348 et
669 2281 705 2349 in
730 2276 892 2376 qualibet
923 2277 1169 2352 ratilficatione
1199 2306 1263 2352 seu

204 2394 478 2494 approbatione,
496 2420 567 2492 que
587 2394 650 2469 siat
666 2395 712 2468 de
729 2393 907 2495 aliquibus
926 2397 1185 2470 ordinamentis
1199 2398 1264 2472 ali·

191 2515 306 2589 euius
325 2514 583 2606 universitatis,
611 2527 780 2613 ponatur:
814 2543 831 2584 a
851 2517 886 2586 in
905 2508 1082 2615 quantum
1100 2543 1173 2588 non
1191 2509 1263 2588 sint

205 2820 324 2870 esaee.
337 2829 395 2870 *xiv
421 2819 540 2870 exeunte
565 2815 660 2885 viginti
678 2820 733 2870 tres
749 2817 967 2872 recensebantur
977 2815 1132 2892 Mediolani
1155 2817 1256 2873 artium

216 2943 224 2964 ,
244 2941 247 2948 .
279 2897 395 2969 eollegia
412 2904 442 2954 et
457 2900 615 2968 societates,
626 2901 673 2972 qui
686 2899 763 2956 statis
773 2901 849 2956 testis
861 2900 958 2956 diebus
977 2899 1176 2956 convenientes
1191 2916 1256 2956 oon·

278 2987 371 3039 suetas
387 2984 540 3040 oblationes
557 2985 666 3039 deleme
684 2985 849 3041 tenebantur
862 3000 898 3040 ex
909 2984 971 3054 lege
982 2989 1029 3040 aut
1041 2985 1258 3055 consuetudine,

280 3087 314 3126 ea
331 3072 552 3140 constituebant,
570 3078 601 3128 ut
617 3088 652 3128 ex
666 3073 752 3129 veteri
769 3088 903 3144 syncrona
917 3073 1020 3141 chara,
1039 3071 1195 3143 «spatarii,
1213 3086 1257 3127 ea·

283 3179 296 3206 »
314 3156 425 3227 tegani,
443 3157 577 3230 harberti,
589 3158 761 3215 retaliatores
778 3159 857 3229 drepi
873 3158 937 3228 lini,
952 3163 1074 3214 textores
1091 3157 1170 3228 (trapi
1185 3155 1257 3229 lene,

282 3263 295 3290 n
314 3241 437 3311 terrarii,
456 3247 594 3311 sartores,
612 3242 771 3309 aimatores,
795 3242 964 3312 insanierit,
983 3241 1106 3312 magistri
1123 3257 1140 3298 a
1156 3256 1255 3310 manu,

281 3346 296 3376 ι
312 3327 482 3395 eonteetores
499 3327 661 3396 ceraminis,
678 3326 793 3397 patarii,
810 3332 931 3383 textores
947 3327 1026 3398 drepi
1043 3325 1109 3394 lini,
1125 3325 1257 3393 bacharii,
1295 3318 1298 3322 ’

280 3431 295 3461 ι
312 3411 442 3481 ligatores
464 3411 611 3480 bellarum,
634 3411 752 3479 sellarii,
776 3412 910 3483 pllizarii,
935 3411 1074 3483 spiziarii,
1092 3408 1257 3478 scamnarii,

280 3515 293 3542 ι
311 3495 447 3568 hospites,
457 3496 603 3565 eorezarii,
619 3497 801 3566 formagiarii,
819 3496 965 3553 monetarii
975 3521 1000 3565 ι,
1016 3495 1064 3566 qui
1081 3503 1179 3549 omnes
1196 3509 1259 3564 pro·

279 3579 347 3648 priis
369 3581 478 3637 statutis
500 3581 583 3638 etiam
600 3586 666 3637 tune
683 3581 726 3637 usi
744 3582 879 3637 videntur.
899 3585 960 3652 Quo
978 3595 1051 3636 anno
1069 3578 1140 3634 haee
1156 3581 1257 3634 statuta

281 3662 355 3718 edita
373 3668 448 3734 sunt,
467 3666 622 3737 synchrona
647 3665 745 3721 charta
769 3665 891 3736 loquitur
917 3666 953 3719 de
975 3686 987 3713 a
1007 3662 1118 3718 Maliolo
1142 3661 1257 3732 Murigia

210 3747 231 3760 “’
284 3751 297 3793 a
316 3747 415 3804 abbate
432 3750 546 3821 paratiei
566 3750 756 3821 spiciariorum
774 3750 937 3818 Mediolani,
957 3747 1074 3804 Nazario
1087 3752 1177 3816 Nano,
1196 3747 1259 3804 Gal·

285 3853 299 3880 »
315 3831 430 3888 dinode
445 3835 569 3903 Grossis,
588 3841 698 3891 zanono
716 3840 801 3903 Mora,
818 3834 934 3891 Mareho
950 3835 985 3890 de
997 3834 1100 3890 Arnate
1118 3835 1148 3888 et
1158 3832 1257 3888 Melio-

284 3938 296 3962 υ
316 3915 373 3972 lino
391 3919 425 3974 de
443 3920 525 3975 Caleo
543 3920 677 3991 spiziariis
693 3919 843 3976 Mediolani
855 3943 878 3974 ·.

208 4002 335 4056 hvide
353 4007 485 4142 stagnum
502 4005 537 4060 de
554 4006 684 4076 paratinis
695 4021 751 4060 non
762 4003 920 4060 habendis·
942 4007 1031 4074 (Nota
1048 4004 1079 4058 in
1099 4004 1163 4058 Cot.
1182 4007 1209 4058 S.
1223 4007 1254 4071 Q.

276 4092 311 4152 r.
331 4091 398 4142 ua
422 4092 440 4156 ).
1120 4093 1123 4100 ’
