<?xml version="1.0" encoding="UTF-8"?>
<!DOCTYPE html PUBLIC "-//W3C//DTD XHTML 1.0 Transitional//EN"
    "http://www.w3.org/TR/xhtml1/DTD/xhtml1-transitional.dtd">
<html xmlns="http://www.w3.org/1999/xhtml" xml:lang="en" lang="en">
 <head>
  <title>
</title>
<meta http-equiv="Content-Type" content="text/html;charset=utf-8" />
  <meta name='ocr-system' content='tesseract 3.04.00' />
  <meta name='ocr-capabilities' content='ocr_page ocr_carea ocr_par ocr_line ocrx_word'/>
</head>
<body>
  <div class='ocr_page' id='page_1' title='image "./statutaiurisdic00itagoog_0188.png"; bbox 0 0 3338 5042; ppageno 0'>
   <div class='ocr_carea' id='block_1_1' title="bbox 127 263 1334 4132">
    <p class='ocr_par' dir='ltr' id='par_1_1' title="bbox 127 263 1334 3274">
     <span class='ocr_line' id='line_1_1' title="bbox 1207 263 1276 336; baseline 0.058 -5"><span class='ocrx_word' id='word_1_1' title='bbox 1207 263 1276 336; x_wconf 79' lang='lat' dir='ltr'><strong>tta</strong></span> 
     </span>
     <span class='ocr_line' id='line_1_2' title="bbox 218 371 1279 476; baseline 0.004 -28"><span class='ocrx_word' id='word_1_2' title='bbox 218 377 438 469; x_wconf 81' lang='lat' dir='ltr'><strong>intentione,</strong></span> <span class='ocrx_word' id='word_1_3' title='bbox 463 376 563 475; x_wconf 86' lang='lat' dir='ltr'><strong>quud</strong></span> <span class='ocrx_word' id='word_1_4' title='bbox 589 375 750 476; x_wconf 84' lang='lat' dir='ltr'><strong>prefatus</strong></span> <span class='ocrx_word' id='word_1_5' title='bbox 776 373 874 449; x_wconf 90' lang='lat' dir='ltr'><strong>dom.</strong></span> <span class='ocrx_word' id='word_1_6' title='bbox 893 371 1075 446; x_wconf 83' lang='lat' dir='ltr'><strong>Iohannes</strong></span> <span class='ocrx_word' id='word_1_7' title='bbox 1093 379 1279 476; x_wconf 86' lang='lat' dir='ltr'><strong>ceterique</strong></span> 
     </span>
     <span class='ocr_line' id='line_1_3' title="bbox 127 487 1278 600; baseline -0.001 -28"><span class='ocrx_word' id='word_1_8' title='bbox 127 487 129 490; x_wconf 46' lang='grc'>’</span> <span class='ocrx_word' id='word_1_9' title='bbox 218 495 372 594; x_wconf 76' lang='lat' dir='ltr'><strong>predicti</strong></span> <span class='ocrx_word' id='word_1_10' title='bbox 397 493 659 600; x_wconf 80' lang='lat' dir='ltr'><strong>descendentes</strong></span> <span class='ocrx_word' id='word_1_11' title='bbox 677 493 828 592; x_wconf 80' lang='lat' dir='ltr'><strong>legitimi</strong></span> <span class='ocrx_word' id='word_1_12' title='bbox 845 505 883 568; x_wconf 87' lang='lat' dir='ltr'><strong>et</strong></span> <span class='ocrx_word' id='word_1_13' title='bbox 900 494 975 564; x_wconf 84' lang='lat' dir='ltr'><strong>neti</strong></span> <span class='ocrx_word' id='word_1_14' title='bbox 1003 504 1043 563; x_wconf 86' lang='lat' dir='ltr'><strong>ut</strong></span> <span class='ocrx_word' id='word_1_15' title='bbox 1069 516 1194 590; x_wconf 80' lang='lat' dir='ltr'><strong>supra,</strong></span> <span class='ocrx_word' id='word_1_16' title='bbox 1209 519 1278 572; x_wconf 85' lang='lat' dir='ltr'><strong>uec</strong></span> 
     </span>
     <span class='ocr_line' id='line_1_4' title="bbox 218 609 1281 716; baseline 0 -30"><span class='ocrx_word' id='word_1_17' title='bbox 218 611 350 708; x_wconf 82' lang='lat' dir='ltr'><strong>uliquis</strong></span> <span class='ocrx_word' id='word_1_18' title='bbox 383 637 447 686; x_wconf 88' lang='lat' dir='ltr'><strong>seu</strong></span> <span class='ocrx_word' id='word_1_19' title='bbox 473 611 585 709; x_wconf 78' lang='lat' dir='ltr'><strong>aliqui</strong></span> <span class='ocrx_word' id='word_1_20' title='bbox 618 636 744 690; x_wconf 85' lang='lat' dir='ltr'><strong>eornm</strong></span> <span class='ocrx_word' id='word_1_21' title='bbox 777 635 850 686; x_wconf 89' lang='lat' dir='ltr'><strong>non</strong></span> <span class='ocrx_word' id='word_1_22' title='bbox 882 613 998 710; x_wconf 86' lang='lat' dir='ltr'><strong>possit</strong></span> <span class='ocrx_word' id='word_1_23' title='bbox 1036 633 1101 682; x_wconf 87' lang='lat' dir='ltr'><strong>nec</strong></span> <span class='ocrx_word' id='word_1_24' title='bbox 1139 609 1281 716; x_wconf 83' lang='lat' dir='ltr'><strong>possint</strong></span> 
     </span>
     <span class='ocr_line' id='line_1_5' title="bbox 217 725 1279 827; baseline -0.002 -25"><span class='ocrx_word' id='word_1_25' title='bbox 217 755 379 827; x_wconf 82' lang='lat' dir='ltr'><strong>unquam</strong></span> <span class='ocrx_word' id='word_1_26' title='bbox 402 755 470 806; x_wconf 87' lang='lat' dir='ltr'><strong>nec</strong></span> <span class='ocrx_word' id='word_1_27' title='bbox 494 728 616 826; x_wconf 80' lang='lat' dir='ltr'><strong>aliquo</strong></span> <span class='ocrx_word' id='word_1_28' title='bbox 644 742 808 827; x_wconf 87' lang='lat' dir='ltr'><strong>tempore</strong></span> <span class='ocrx_word' id='word_1_29' title='bbox 826 730 864 800; x_wconf 92' lang='lat' dir='ltr'><strong>in</strong></span> <span class='ocrx_word' id='word_1_30' title='bbox 886 725 1043 824; x_wconf 84' lang='lat' dir='ltr'><strong>aliquem</strong></span> <span class='ocrx_word' id='word_1_31' title='bbox 1058 727 1115 799; x_wconf 86' lang='lat' dir='ltr'><strong>vel</strong></span> <span class='ocrx_word' id='word_1_32' title='bbox 1136 727 1279 826; x_wconf 86' lang='lat' dir='ltr'><strong>aliquos</strong></span> 
     </span>
     <span class='ocr_line' id='line_1_6' title="bbox 215 844 1278 948; baseline -0.001 -28"><span class='ocrx_word' id='word_1_33' title='bbox 215 872 355 948; x_wconf 81' lang='lat' dir='ltr'><strong>regem,</strong></span> <span class='ocrx_word' id='word_1_34' title='bbox 372 849 595 948; x_wconf 84' lang='lat' dir='ltr'><strong>principem,</strong></span> <span class='ocrx_word' id='word_1_35' title='bbox 612 847 784 920; x_wconf 81' lang='lat' dir='ltr'><strong>baronem</strong></span> <span class='ocrx_word' id='word_1_36' title='bbox 804 844 862 922; x_wconf 84' lang='lat' dir='ltr'><strong>vel</strong></span> <span class='ocrx_word' id='word_1_37' title='bbox 880 845 984 918; x_wconf 84' lang='lat' dir='ltr'><strong>eliam</strong></span> <span class='ocrx_word' id='word_1_38' title='bbox 1009 867 1278 944; x_wconf 74' lang='lat' dir='ltr'><strong>quamcumque</strong></span> 
     </span>
     <span class='ocr_line' id='line_1_7' title="bbox 215 961 1277 1064; baseline -0.004 -24"><span class='ocrx_word' id='word_1_39' title='bbox 215 989 410 1064; x_wconf 81' lang='lat' dir='ltr'><strong>personam</strong></span> <span class='ocrx_word' id='word_1_40' title='bbox 419 1022 433 1056; x_wconf 88' lang='lat'><strong><em>,</em></strong></span> <span class='ocrx_word' id='word_1_41' title='bbox 449 989 659 1056; x_wconf 88' lang='lat' dir='ltr'><strong>commune,</strong></span> <span class='ocrx_word' id='word_1_42' title='bbox 678 988 809 1063; x_wconf 90' lang='lat' dir='ltr'><strong>corpus</strong></span> <span class='ocrx_word' id='word_1_43' title='bbox 818 1019 830 1055; x_wconf 92' lang='lat'><em>‚</em></span> <span class='ocrx_word' id='word_1_44' title='bbox 848 961 1042 1062; x_wconf 82' lang='lat' dir='ltr'><strong>&#39;collegium</strong></span> <span class='ocrx_word' id='word_1_45' title='bbox 1060 962 1117 1036; x_wconf 84' lang='lat' dir='ltr'><strong>vel</strong></span> <span class='ocrx_word' id='word_1_46' title='bbox 1135 965 1277 1038; x_wconf 83' lang='lat' dir='ltr'><strong>unirer·</strong></span> 
     </span>
     <span class='ocr_line' id='line_1_8' title="bbox 214 1081 1278 1180; baseline 0.004 -28"><span class='ocrx_word' id='word_1_47' title='bbox 214 1082 377 1173; x_wconf 76' lang='lat' dir='ltr'><strong>sitalem,</strong></span> <span class='ocrx_word' id='word_1_48' title='bbox 404 1084 536 1154; x_wconf 87' lang='lat' dir='ltr'><strong>necin</strong></span> <span class='ocrx_word' id='word_1_49' title='bbox 563 1081 703 1180; x_wconf 86' lang='lat' dir='ltr'><strong>aliquos</strong></span> <span class='ocrx_word' id='word_1_50' title='bbox 737 1105 860 1178; x_wconf 87' lang='lat' dir='ltr'><strong>reges,</strong></span> <span class='ocrx_word' id='word_1_51' title='bbox 886 1082 1088 1178; x_wconf 85' lang='lat' dir='ltr'><strong>principes,</strong></span> <span class='ocrx_word' id='word_1_52' title='bbox 1119 1081 1278 1156; x_wconf 81' lang='lat' dir='ltr'><strong>barones</strong></span> 
     </span>
     <span class='ocr_line' id='line_1_9' title="bbox 215 1198 1276 1300; baseline -0.009 -21"><span class='ocrx_word' id='word_1_53' title='bbox 215 1198 272 1279; x_wconf 79' lang='lat' dir='ltr'><strong>rel</strong></span> <span class='ocrx_word' id='word_1_54' title='bbox 297 1198 383 1276; x_wconf 86' lang='lat' dir='ltr'><strong>alias</strong></span> <span class='ocrx_word' id='word_1_55' title='bbox 411 1223 658 1298; x_wconf 75' lang='lat' dir='ltr'><strong>quascumque</strong></span> <span class='ocrx_word' id='word_1_56' title='bbox 673 1224 847 1300; x_wconf 83' lang='lat' dir='ltr'><strong>personas</strong></span> <span class='ocrx_word' id='word_1_57' title='bbox 858 1254 871 1290; x_wconf 89' lang='lat'><em>,</em></span> <span class='ocrx_word' id='word_1_58' title='bbox 886 1201 1145 1297; x_wconf 88' lang='lat' dir='ltr'><strong>cuiuscumque</strong></span> <span class='ocrx_word' id='word_1_59' title='bbox 1165 1211 1276 1272; x_wconf 89' lang='lat' dir='ltr'><strong>status</strong></span> 
     </span>
     <span class='ocr_line' id='line_1_10' title="bbox 214 1316 1275 1421; baseline -0.005 -26"><span class='ocrx_word' id='word_1_60' title='bbox 214 1329 251 1396; x_wconf 81' lang='lat' dir='ltr'><strong>et</strong></span> <span class='ocrx_word' id='word_1_61' title='bbox 265 1316 486 1421; x_wconf 77' lang='lat' dir='ltr'><strong>conditionis</strong></span> <span class='ocrx_word' id='word_1_62' title='bbox 502 1319 673 1409; x_wconf 83' lang='lat' dir='ltr'><strong>existant,</strong></span> <span class='ocrx_word' id='word_1_63' title='bbox 691 1316 949 1413; x_wconf 83' lang='lat' dir='ltr'><strong>undecumque</strong></span> <span class='ocrx_word' id='word_1_64' title='bbox 961 1316 1079 1392; x_wconf 86' lang='lat' dir='ltr'><strong>velint</strong></span> <span class='ocrx_word' id='word_1_65' title='bbox 1095 1341 1172 1390; x_wconf 88' lang='lat' dir='ltr'><strong>esse</strong></span> <span class='ocrx_word' id='word_1_66' title='bbox 1189 1318 1275 1416; x_wconf 80' lang='lat' dir='ltr'><strong>sint,</strong></span> 
     </span>
     <span class='ocr_line' id='line_1_11' title="bbox 215 1431 1277 1535; baseline -0.006 -21"><span class='ocrx_word' id='word_1_67' title='bbox 215 1435 398 1526; x_wconf 75' lang='lat' dir='ltr'><strong>comenia,</strong></span> <span class='ocrx_word' id='word_1_68' title='bbox 417 1460 550 1535; x_wconf 86' lang='lat' dir='ltr'><strong>eorpus</strong></span> <span class='ocrx_word' id='word_1_69' title='bbox 569 1448 607 1506; x_wconf 93' lang='lat' dir='ltr'><strong>et</strong></span> <span class='ocrx_word' id='word_1_70' title='bbox 625 1434 778 1534; x_wconf 85' lang='lat' dir='ltr'><strong>collegia</strong></span> <span class='ocrx_word' id='word_1_71' title='bbox 793 1434 851 1508; x_wconf 88' lang='lat' dir='ltr'><strong>vel</strong></span> <span class='ocrx_word' id='word_1_72' title='bbox 869 1433 1119 1508; x_wconf 79' lang='lat' dir='ltr'><strong>universitates</strong></span> <span class='ocrx_word' id='word_1_73' title='bbox 1138 1431 1277 1509; x_wconf 85' lang='lat' dir='ltr'><strong>dictum</strong></span> 
     </span>
     <span class='ocr_line' id='line_1_12' title="bbox 214 1550 1277 1652; baseline -0.005 -20"><span class='ocrx_word' id='word_1_74' title='bbox 214 1551 416 1633; x_wconf 80' lang='lat' dir='ltr'><strong>dominium</strong></span> <span class='ocrx_word' id='word_1_75' title='bbox 424 1607 437 1646; x_wconf 90' lang='lat'><em>,</em></span> <span class='ocrx_word' id='word_1_76' title='bbox 461 1577 603 1628; x_wconf 86' lang='lat' dir='ltr'><strong>merum</strong></span> <span class='ocrx_word' id='word_1_77' title='bbox 628 1564 667 1626; x_wconf 85' lang='lat' dir='ltr'><strong>et</strong></span> <span class='ocrx_word' id='word_1_78' title='bbox 692 1552 842 1628; x_wconf 85' lang='lat' dir='ltr'><strong>mistum</strong></span> <span class='ocrx_word' id='word_1_79' title='bbox 877 1551 1094 1651; x_wconf 88' lang='lat' dir='ltr'><strong>imperium,</strong></span> <span class='ocrx_word' id='word_1_80' title='bbox 1115 1550 1277 1652; x_wconf 77' lang='lat' dir='ltr'><strong>¹haylium</strong></span> 
     </span>
     <span class='ocr_line' id='line_1_13' title="bbox 216 1667 1280 1768; baseline 0.002 -25"><span class='ocrx_word' id='word_1_81' title='bbox 216 1682 254 1752; x_wconf 81' lang='lat' dir='ltr'><strong>et</strong></span> <span class='ocrx_word' id='word_1_82' title='bbox 266 1669 554 1750; x_wconf 77' lang='lat' dir='ltr'><strong>iurisdictionem</strong></span> <span class='ocrx_word' id='word_1_83' title='bbox 568 1673 606 1744; x_wconf 92' lang='lat' dir='ltr'><strong>in</strong></span> <span class='ocrx_word' id='word_1_84' title='bbox 620 1681 738 1746; x_wconf 86' lang='lat' dir='ltr'><strong>totum</strong></span> <span class='ocrx_word' id='word_1_85' title='bbox 755 1695 823 1743; x_wconf 88' lang='lat' dir='ltr'><strong>nec</strong></span> <span class='ocrx_word' id='word_1_86' title='bbox 838 1693 907 1767; x_wconf 85' lang='lat' dir='ltr'><strong>pro</strong></span> <span class='ocrx_word' id='word_1_87' title='bbox 924 1667 1046 1766; x_wconf 83' lang='lat' dir='ltr'><strong>aliqua</strong></span> <span class='ocrx_word' id='word_1_88' title='bbox 1059 1681 1160 1768; x_wconf 82' lang='lat' dir='ltr'><strong>parte</strong></span> <span class='ocrx_word' id='word_1_89' title='bbox 1175 1669 1280 1762; x_wconf 81' lang='lat' dir='ltr'><strong>dare,</strong></span> 
     </span>
     <span class='ocr_line' id='line_1_14' title="bbox 171 1785 1276 1880; baseline 0.001 -21"><span class='ocrx_word' id='word_1_90' title='bbox 171 1873 174 1880; x_wconf 28' lang='grc' dir='ltr'>Ι</span> <span class='ocrx_word' id='word_1_91' title='bbox 213 1787 416 1876; x_wconf 76' lang='lat' dir='ltr'><strong>dimittere,</strong></span> <span class='ocrx_word' id='word_1_92' title='bbox 442 1788 648 1864; x_wconf 82' lang='lat' dir='ltr'><strong>concedere</strong></span> <span class='ocrx_word' id='word_1_93' title='bbox 674 1805 741 1864; x_wconf 83' lang='lat' dir='ltr'><strong>nec</strong></span> <span class='ocrx_word' id='word_1_94' title='bbox 767 1785 985 1878; x_wconf 73' lang='lat' dir='ltr'><strong>transferre,</strong></span> <span class='ocrx_word' id='word_1_95' title='bbox 1009 1811 1077 1858; x_wconf 90' lang='lat' dir='ltr'><strong>nec</strong></span> <span class='ocrx_word' id='word_1_96' title='bbox 1110 1788 1276 1863; x_wconf 88' lang='lat' dir='ltr'><strong>minuere</strong></span> 
     </span>
     <span class='ocr_line' id='line_1_15' title="bbox 210 1887 1334 2006; baseline 0 -28"><span class='ocrx_word' id='word_1_97' title='bbox 210 1905 270 1985; x_wconf 75' lang='lat' dir='ltr'><strong>rel</strong></span> <span class='ocrx_word' id='word_1_98' title='bbox 295 1893 416 1983; x_wconf 85' lang='lat' dir='ltr'><strong>ledere</strong></span> <span class='ocrx_word' id='word_1_99' title='bbox 443 1907 572 2005; x_wconf 84' lang='lat' dir='ltr'><strong>queris</strong></span> <span class='ocrx_word' id='word_1_100' title='bbox 592 1907 672 1982; x_wconf 89' lang='lat' dir='ltr'><strong>iure</strong></span> <span class='ocrx_word' id='word_1_101' title='bbox 697 1905 757 1984; x_wconf 82' lang='lat' dir='ltr'><strong>vel</strong></span> <span class='ocrx_word' id='word_1_102' title='bbox 784 1905 910 1997; x_wconf 82' lang='lat' dir='ltr'><strong>titulo,</strong></span> <span class='ocrx_word' id='word_1_103' title='bbox 927 1907 965 1978; x_wconf 89' lang='lat' dir='ltr'><strong>iu</strong></span> <span class='ocrx_word' id='word_1_104' title='bbox 982 1916 1101 1980; x_wconf 87' lang='lat' dir='ltr'><strong>totum</strong></span> <span class='ocrx_word' id='word_1_105' title='bbox 1118 1921 1186 1978; x_wconf 87' lang='lat' dir='ltr'><strong>nee</strong></span> <span class='ocrx_word' id='word_1_106' title='bbox 1207 1931 1275 2006; x_wconf 92' lang='lat' dir='ltr'><strong>pro</strong></span> <span class='ocrx_word' id='word_1_107' title='bbox 1329 1887 1334 1900; x_wconf 50' lang='lat'><strong><em>⁵</em></strong></span> 
     </span>
     <span class='ocr_line' id='line_1_16' title="bbox 213 2022 1276 2126; baseline 0.004 -32"><span class='ocrx_word' id='word_1_108' title='bbox 213 2023 333 2126; x_wconf 76' lang='lat' dir='ltr'><strong>eliqua</strong></span> <span class='ocrx_word' id='word_1_109' title='bbox 364 2037 485 2122; x_wconf 83' lang='lat' dir='ltr'><strong>parte3</strong></span> <span class='ocrx_word' id='word_1_110' title='bbox 513 2022 612 2099; x_wconf 84' lang='lat' dir='ltr'><strong>salvo</strong></span> <span class='ocrx_word' id='word_1_111' title='bbox 644 2023 745 2121; x_wconf 89' lang='lat' dir='ltr'><strong>quod</strong></span> <span class='ocrx_word' id='word_1_112' title='bbox 776 2025 814 2096; x_wconf 91' lang='lat' dir='ltr'><strong>in</strong></span> <span class='ocrx_word' id='word_1_113' title='bbox 846 2036 1065 2122; x_wconf 84' lang='lat' dir='ltr'><strong>potestates,</strong></span> <span class='ocrx_word' id='word_1_114' title='bbox 1091 2037 1276 2116; x_wconf 86' lang='lat' dir='ltr'><strong>rectores,</strong></span> 
     </span>
     <span class='ocr_line' id='line_1_17' title="bbox 215 2141 1275 2240; baseline 0.004 -28"><span class='ocrx_word' id='word_1_115' title='bbox 215 2141 383 2216; x_wconf 85' lang='lat' dir='ltr'><strong>officiales</strong></span> <span class='ocrx_word' id='word_1_116' title='bbox 396 2153 434 2220; x_wconf 79' lang='lat' dir='ltr'><strong>et</strong></span> <span class='ocrx_word' id='word_1_117' title='bbox 446 2141 535 2214; x_wconf 87' lang='lat' dir='ltr'><strong>alios</strong></span> <span class='ocrx_word' id='word_1_118' title='bbox 548 2141 860 2220; x_wconf 79' lang='lat' dir='ltr'><strong>administratores</strong></span> <span class='ocrx_word' id='word_1_119' title='bbox 874 2166 999 2240; x_wconf 88' lang='lat' dir='ltr'><strong>proeo</strong></span> <span class='ocrx_word' id='word_1_120' title='bbox 1012 2156 1049 2214; x_wconf 85' lang='lat' dir='ltr'><strong>et</strong></span> <span class='ocrx_word' id='word_1_121' title='bbox 1059 2142 1111 2216; x_wconf 88' lang='lat' dir='ltr'><strong>eis</strong></span> <span class='ocrx_word' id='word_1_122' title='bbox 1127 2142 1275 2218; x_wconf 90' lang='lat' dir='ltr'><strong>domino</strong></span> 
     </span>
     <span class='ocr_line' id='line_1_18' title="bbox 214 2259 1276 2366; baseline 0.002 -34"><span class='ocrx_word' id='word_1_123' title='bbox 214 2260 269 2334; x_wconf 85' lang='lat' dir='ltr'><strong>vel</strong></span> <span class='ocrx_word' id='word_1_124' title='bbox 285 2259 457 2354; x_wconf 84' lang='lat' dir='ltr'><strong>dominis,</strong></span> <span class='ocrx_word' id='word_1_125' title='bbox 466 2275 508 2337; x_wconf 85' lang='lat' dir='ltr'><strong>ut</strong></span> <span class='ocrx_word' id='word_1_126' title='bbox 521 2285 644 2359; x_wconf 81' lang='lat' dir='ltr'><strong>supra,</strong></span> <span class='ocrx_word' id='word_1_127' title='bbox 661 2259 708 2335; x_wconf 92' lang='lat' dir='ltr'><strong>ad</strong></span> <span class='ocrx_word' id='word_1_128' title='bbox 721 2271 866 2360; x_wconf 89' lang='lat' dir='ltr'><strong>tempus</strong></span> <span class='ocrx_word' id='word_1_129' title='bbox 881 2260 999 2334; x_wconf 78' lang='lat' dir='ltr'><strong>officia</strong></span> <span class='ocrx_word' id='word_1_130' title='bbox 1015 2262 1067 2336; x_wconf 87' lang='lat' dir='ltr'><strong>eis</strong></span> <span class='ocrx_word' id='word_1_131' title='bbox 1084 2262 1276 2366; x_wconf 75' lang='lat' dir='ltr'><strong>commissu</strong></span> 
     </span>
     <span class='ocr_line' id='line_1_19' title="bbox 213 2359 1274 2478; baseline 0.007 -30"><span class='ocrx_word' id='word_1_132' title='bbox 213 2375 270 2453; x_wconf 89' lang='lat' dir='ltr'><strong>vel</strong></span> <span class='ocrx_word' id='word_1_133' title='bbox 296 2359 554 2452; x_wconf 84' lang='lat' dir='ltr'><strong>committenda</strong></span> <span class='ocrx_word' id='word_1_134' title='bbox 582 2389 807 2470; x_wconf 83' lang='lat' dir='ltr'><strong>exercentes,</strong></span> <span class='ocrx_word' id='word_1_135' title='bbox 833 2377 965 2476; x_wconf 90' lang='lat' dir='ltr'><strong>quibus</strong></span> <span class='ocrx_word' id='word_1_136' title='bbox 993 2376 1139 2477; x_wconf 90' lang='lat' dir='ltr'><strong>quidem</strong></span> <span class='ocrx_word' id='word_1_137' title='bbox 1164 2390 1274 2478; x_wconf 69' lang='lat' dir='ltr'><strong>pote-2</strong></span> 
     </span>
     <span class='ocr_line' id='line_1_20' title="bbox 213 2495 1273 2588; baseline 0.001 -21"><span class='ocrx_word' id='word_1_138' title='bbox 213 2495 388 2588; x_wconf 82' lang='lat' dir='ltr'><strong>statibus,</strong></span> <span class='ocrx_word' id='word_1_139' title='bbox 414 2495 680 2576; x_wconf 84' lang='lat' dir='ltr'><strong>rectoribuset</strong></span> <span class='ocrx_word' id='word_1_140' title='bbox 706 2495 918 2572; x_wconf 80' lang='lat' dir='ltr'><strong>officialibus</strong></span> <span class='ocrx_word' id='word_1_141' title='bbox 944 2509 981 2572; x_wconf 85' lang='lat' dir='ltr'><strong>et</strong></span> <span class='ocrx_word' id='word_1_142' title='bbox 1005 2497 1085 2570; x_wconf 89' lang='lat' dir='ltr'><strong>aliis</strong></span> <span class='ocrx_word' id='word_1_143' title='bbox 1120 2496 1273 2572; x_wconf 84' lang='lat' dir='ltr'><strong>admini-</strong></span> 
     </span>
     <span class='ocr_line' id='line_1_21' title="bbox 212 2614 1275 2713; baseline -0.002 -27"><span class='ocrx_word' id='word_1_144' title='bbox 212 2614 427 2686; x_wconf 85' lang='lat' dir='ltr'><strong>stratoribus</strong></span> <span class='ocrx_word' id='word_1_145' title='bbox 454 2614 594 2713; x_wconf 89' lang='lat' dir='ltr'><strong>possint</strong></span> <span class='ocrx_word' id='word_1_146' title='bbox 619 2615 847 2692; x_wconf 76' lang='lat' dir='ltr'><strong>committere</strong></span> <span class='ocrx_word' id='word_1_147' title='bbox 864 2615 1076 2692; x_wconf 85' lang='lat' dir='ltr'><strong>exercitium</strong></span> <span class='ocrx_word' id='word_1_148' title='bbox 1095 2615 1275 2692; x_wconf 80' lang='lat' dir='ltr'><strong>dictorum</strong></span> 
     </span>
     <span class='ocr_line' id='line_1_22' title="bbox 214 2727 1273 2830; baseline 0.006 -28"><span class='ocrx_word' id='word_1_149' title='bbox 214 2727 425 2816; x_wconf 82' lang='lat' dir='ltr'><strong>officialium</strong></span> <span class='ocrx_word' id='word_1_150' title='bbox 457 2731 549 2808; x_wconf 84' lang='lat' dir='ltr'><strong>meri</strong></span> <span class='ocrx_word' id='word_1_151' title='bbox 573 2744 611 2806; x_wconf 80' lang='lat' dir='ltr'><strong>et</strong></span> <span class='ocrx_word' id='word_1_152' title='bbox 637 2733 733 2810; x_wconf 90' lang='lat' dir='ltr'><strong>misti</strong></span> <span class='ocrx_word' id='word_1_153' title='bbox 762 2733 965 2830; x_wconf 74' lang='lat' dir='ltr'><strong>imperitet</strong></span> <span class='ocrx_word' id='word_1_154' title='bbox 991 2732 1273 2821; x_wconf 80' lang='lat' dir='ltr'><strong>iurisdictionis,</strong></span> 
     </span>
     <span class='ocr_line' id='line_1_23' title="bbox 212 2845 1275 2948; baseline 0.007 -29"><span class='ocrx_word' id='word_1_155' title='bbox 212 2859 251 2919; x_wconf 90' lang='lat' dir='ltr'><strong>et</strong></span> <span class='ocrx_word' id='word_1_156' title='bbox 276 2847 429 2944; x_wconf 78' lang='lat' dir='ltr'><strong>alierum</strong></span> <span class='ocrx_word' id='word_1_157' title='bbox 463 2873 778 2948; x_wconf 84' lang='lat' dir='ltr'><strong>quorumcumque</strong></span> <span class='ocrx_word' id='word_1_158' title='bbox 812 2845 1016 2921; x_wconf 86' lang='lat' dir='ltr'><strong>officiorum</strong></span> <span class='ocrx_word' id='word_1_159' title='bbox 1043 2865 1079 2921; x_wconf 88' lang='lat' dir='ltr'><strong>et</strong></span> <span class='ocrx_word' id='word_1_160' title='bbox 1105 2853 1275 2926; x_wconf 81' lang='lat' dir='ltr'><strong>exercita·</strong></span> 
     </span>
     <span class='ocr_line' id='line_1_24' title="bbox 214 2965 1332 3066; baseline 0.001 -27"><span class='ocrx_word' id='word_1_161' title='bbox 214 2968 354 3047; x_wconf 85' lang='lat' dir='ltr'><strong>tionum</strong></span> <span class='ocrx_word' id='word_1_162' title='bbox 371 2990 439 3066; x_wconf 88' lang='lat' dir='ltr'><strong>pro</strong></span> <span class='ocrx_word' id='word_1_163' title='bbox 457 2991 523 3048; x_wconf 82' lang='lat' dir='ltr'><strong>sue</strong></span> <span class='ocrx_word' id='word_1_164' title='bbox 539 2965 643 3040; x_wconf 87' lang='lat' dir='ltr'><strong>libito</strong></span> <span class='ocrx_word' id='word_1_165' title='bbox 661 2967 873 3059; x_wconf 77' lang='lat' dir='ltr'><strong>volontatis,</strong></span> <span class='ocrx_word' id='word_1_166' title='bbox 890 2968 967 3042; x_wconf 88' lang='lat' dir='ltr'><strong>sine</strong></span> <span class='ocrx_word' id='word_1_167' title='bbox 992 2966 1134 3039; x_wconf 77' lang='lat' dir='ltr'><strong>lenione</strong></span> <span class='ocrx_word' id='word_1_168' title='bbox 1152 2981 1273 3041; x_wconf 85' lang='lat' dir='ltr'><strong>tamen</strong></span> <span class='ocrx_word' id='word_1_169' title='bbox 1330 2982 1332 2986; x_wconf 84' lang='grc'><strong>’</strong></span> 
     </span>
     <span class='ocr_line' id='line_1_25' title="bbox 199 3082 1270 3184; baseline 0 -26"><span class='ocrx_word' id='word_1_170' title='bbox 199 3107 274 3158; x_wconf 76' lang='lat' dir='ltr'><strong>sue</strong></span> <span class='ocrx_word' id='word_1_171' title='bbox 291 3082 408 3184; x_wconf 87' lang='lat' dir='ltr'><strong>baylie</strong></span> <span class='ocrx_word' id='word_1_172' title='bbox 425 3099 462 3157; x_wconf 88' lang='lat' dir='ltr'><strong>et</strong></span> <span class='ocrx_word' id='word_1_173' title='bbox 477 3082 615 3184; x_wconf 84' lang='lat' dir='ltr'><strong>prefate</strong></span> <span class='ocrx_word' id='word_1_174' title='bbox 635 3084 893 3157; x_wconf 90' lang='lat' dir='ltr'><strong>iurisdictionis</strong></span> <span class='ocrx_word' id='word_1_175' title='bbox 912 3099 950 3158; x_wconf 89' lang='lat' dir='ltr'><strong>et</strong></span> <span class='ocrx_word' id='word_1_176' title='bbox 965 3083 1128 3178; x_wconf 85' lang='lat' dir='ltr'><strong>dominii,</strong></span> <span class='ocrx_word' id='word_1_177' title='bbox 1141 3101 1178 3158; x_wconf 89' lang='lat' dir='ltr'><strong>et</strong></span> <span class='ocrx_word' id='word_1_178' title='bbox 1195 3113 1270 3158; x_wconf 92' lang='lat' dir='ltr'><strong>non</strong></span> 
     </span>
     <span class='ocr_line' id='line_1_26' title="bbox 216 3201 330 3274; baseline 0 -2"><span class='ocrx_word' id='word_1_179' title='bbox 216 3201 330 3274; x_wconf 90' lang='lat' dir='ltr'><strong>aliter.</strong></span> 
     </span>
    </p>

    <p class='ocr_par' dir='ltr' id='par_1_2' title="bbox 212 3317 1273 4132">
     <span class='ocr_line' id='line_1_27' title="bbox 263 3317 1271 3418; baseline -0.004 -29"><span class='ocrx_word' id='word_1_180' title='bbox 263 3317 543 3393; x_wconf 84' lang='lat' dir='ltr'><strong>Considerantes</strong></span> <span class='ocrx_word' id='word_1_181' title='bbox 571 3319 753 3418; x_wconf 88' lang='lat' dir='ltr'><strong>quondam</strong></span> <span class='ocrx_word' id='word_1_182' title='bbox 772 3319 867 3392; x_wconf 89' lang='lat' dir='ltr'><strong>bone</strong></span> <span class='ocrx_word' id='word_1_183' title='bbox 883 3321 1057 3391; x_wconf 86' lang='lat' dir='ltr'><strong>memorie</strong></span> <span class='ocrx_word' id='word_1_184' title='bbox 1072 3317 1271 3388; x_wconf 86' lang='lat' dir='ltr'><strong>ascenden-</strong></span> 
     </span>
     <span class='ocr_line' id='line_1_28' title="bbox 215 3431 1273 3538; baseline -0.001 -30"><span class='ocrx_word' id='word_1_185' title='bbox 215 3451 267 3509; x_wconf 88' lang='lat' dir='ltr'><strong>tes</strong></span> <span class='ocrx_word' id='word_1_186' title='bbox 305 3438 582 3538; x_wconf 85' lang='lat' dir='ltr'><strong>predecessores</strong></span> <span class='ocrx_word' id='word_1_187' title='bbox 617 3437 769 3508; x_wconf 86' lang='lat' dir='ltr'><strong>illustris</strong></span> <span class='ocrx_word' id='word_1_188' title='bbox 804 3436 980 3536; x_wconf 88' lang='lat' dir='ltr'><strong>principis</strong></span> <span class='ocrx_word' id='word_1_189' title='bbox 1014 3431 1196 3534; x_wconf 84' lang='lat' dir='ltr'><strong>magnifici</strong></span> <span class='ocrx_word' id='word_1_190' title='bbox 1235 3449 1273 3507; x_wconf 85' lang='lat' dir='ltr'><strong>et</strong></span> 
     </span>
     <span class='ocr_line' id='line_1_29' title="bbox 212 3551 1273 3630; baseline -0.001 -4"><span class='ocrx_word' id='word_1_191' title='bbox 212 3553 501 3630; x_wconf 86' lang='lat' dir='ltr'><strong>excellentissimi</strong></span> <span class='ocrx_word' id='word_1_192' title='bbox 526 3555 664 3629; x_wconf 90' lang='lat' dir='ltr'><strong>domini</strong></span> <span class='ocrx_word' id='word_1_193' title='bbox 689 3555 785 3626; x_wconf 92' lang='lat' dir='ltr'><strong>dnm.</strong></span> <span class='ocrx_word' id='word_1_194' title='bbox 814 3555 983 3626; x_wconf 83' lang='lat' dir='ltr'><strong>Iohannis</strong></span> <span class='ocrx_word' id='word_1_195' title='bbox 1008 3553 1141 3626; x_wconf 84' lang='lat' dir='ltr'><strong>Galeaz</strong></span> <span class='ocrx_word' id='word_1_196' title='bbox 1167 3551 1273 3624; x_wconf 87' lang='lat' dir='ltr'><strong>Vice·</strong></span> 
     </span>
     <span class='ocr_line' id='line_1_30' title="bbox 212 3671 1270 3772; baseline -0.002 -28"><span class='ocrx_word' id='word_1_197' title='bbox 212 3674 353 3744; x_wconf 85' lang='lat' dir='ltr'><strong>comitis</strong></span> <span class='ocrx_word' id='word_1_198' title='bbox 380 3672 518 3745; x_wconf 89' lang='lat' dir='ltr'><strong>domini</strong></span> <span class='ocrx_word' id='word_1_199' title='bbox 542 3671 743 3748; x_wconf 87' lang='lat' dir='ltr'><strong>Mediolani</strong></span> <span class='ocrx_word' id='word_1_200' title='bbox 769 3677 836 3745; x_wconf 84' lang='lat' dir='ltr'><strong>etc.</strong></span> <span class='ocrx_word' id='word_1_201' title='bbox 865 3688 1030 3772; x_wconf 88' lang='lat' dir='ltr'><strong>tempore</strong></span> <span class='ocrx_word' id='word_1_202' title='bbox 1056 3697 1181 3743; x_wconf 90' lang='lat' dir='ltr'><strong>eorum</strong></span> <span class='ocrx_word' id='word_1_203' title='bbox 1206 3671 1270 3742; x_wconf 90' lang='lat' dir='ltr'><strong>do·</strong></span> 
     </span>
     <span class='ocr_line' id='line_1_31' title="bbox 213 3790 1269 3890; baseline 0 -30"><span class='ocrx_word' id='word_1_204' title='bbox 213 3791 315 3863; x_wconf 88' lang='lat' dir='ltr'><strong>minii</strong></span> <span class='ocrx_word' id='word_1_205' title='bbox 341 3792 591 3866; x_wconf 85' lang='lat' dir='ltr'><strong>misericordia</strong></span> <span class='ocrx_word' id='word_1_206' title='bbox 616 3806 653 3864; x_wconf 86' lang='lat' dir='ltr'><strong>et</strong></span> <span class='ocrx_word' id='word_1_207' title='bbox 676 3794 808 3864; x_wconf 83' lang='lat' dir='ltr'><strong>virtute</strong></span> <span class='ocrx_word' id='word_1_208' title='bbox 834 3790 1016 3883; x_wconf 83' lang='lat' dir='ltr'><strong>floruisse,</strong></span> <span class='ocrx_word' id='word_1_209' title='bbox 1033 3792 1095 3890; x_wconf 92' lang='lat' dir='ltr'><strong>qui</strong></span> <span class='ocrx_word' id='word_1_210' title='bbox 1119 3790 1269 3864; x_wconf 86' lang='lat' dir='ltr'><strong>virtutes</strong></span> 
     </span>
     <span class='ocr_line' id='line_1_32' title="bbox 212 3907 1271 4009; baseline -0.001 -29"><span class='ocrx_word' id='word_1_211' title='bbox 212 3907 404 3980; x_wconf 70' lang='lat' dir='ltr'><strong>vinetibus</strong></span> <span class='ocrx_word' id='word_1_212' title='bbox 421 3911 661 4009; x_wconf 81' lang='lat' dir='ltr'><strong>aggregando,</strong></span> <span class='ocrx_word' id='word_1_213' title='bbox 681 3925 825 3982; x_wconf 89' lang='lat' dir='ltr'><strong>tronum</strong></span> <span class='ocrx_word' id='word_1_214' title='bbox 854 3908 1006 3981; x_wconf 87' lang='lat' dir='ltr'><strong>dominii</strong></span> <span class='ocrx_word' id='word_1_215' title='bbox 1027 3933 1155 3980; x_wconf 90' lang='lat' dir='ltr'><strong>eorum</strong></span> <span class='ocrx_word' id='word_1_216' title='bbox 1181 3908 1271 3980; x_wconf 85' lang='lat' dir='ltr'><strong>dila·</strong></span> 
     </span>
     <span class='ocr_line' id='line_1_33' title="bbox 215 4023 1271 4132; baseline 0.001 -37"><span class='ocrx_word' id='word_1_217' title='bbox 215 4038 349 4132; x_wconf 82' lang='lat' dir='ltr'><strong>tentes,</strong></span> <span class='ocrx_word' id='word_1_218' title='bbox 375 4052 514 4098; x_wconf 85' lang='lat' dir='ltr'><strong>summa</strong></span> <span class='ocrx_word' id='word_1_219' title='bbox 540 4029 677 4100; x_wconf 86' lang='lat' dir='ltr'><strong>iusticia</strong></span> <span class='ocrx_word' id='word_1_220' title='bbox 705 4023 943 4119; x_wconf 81' lang='lat' dir='ltr'><strong>stabilierunt,</strong></span> <span class='ocrx_word' id='word_1_221' title='bbox 960 4035 1067 4125; x_wconf 87' lang='lat' dir='ltr'><strong>quam</strong></span> <span class='ocrx_word' id='word_1_222' title='bbox 1086 4027 1271 4126; x_wconf 85' lang='lat' dir='ltr'><strong>diligentes</strong></span> 
     </span>
    </p>
   </div>
   <div class='ocr_carea' id='block_1_2' title="bbox 597 4139 611 4222">
    <p class='ocr_par' dir='ltr' id='par_1_3' title="bbox 597 4139 611 4222">
     <span class='ocr_line' id='line_1_34' title="bbox 597 4139 611 4222; baseline 0 0"><span class='ocrx_word' id='word_1_223' title='bbox 597 4139 611 4222; x_wconf 80' lang='lat' dir='ltr'><strong>l</strong></span> 
     </span>
    </p>
   </div>
   <div class='ocr_carea' id='block_1_3' title="bbox 0 0 1674 5042">
    <p class='ocr_par' dir='ltr' id='par_1_4' title="bbox 0 0 1674 5042">
     <span class='ocr_line' id='line_1_35' title="bbox 0 0 1674 5042; baseline 0 3"><span class='ocrx_word' id='word_1_224' title='bbox 0 0 1674 5042; x_wconf 95' lang='lat' dir='ltr'><strong> </strong></span> 
     </span>
    </p>
   </div>
  </div>
 </body>
</html>
