3416 5054
1218 348 1288 420 ⁴03

233 469 361 540 notarii
377 464 435 539 vel
448 469 655 565 scriptores,
668 465 732 563 qui
745 464 880 563 aliquid
895 479 1020 562 petant
1035 463 1091 536 vel
1104 467 1291 566 recipiant,
1328 441 1334 448 ⁴

234 584 301 656 sub
332 609 425 686 pena
464 585 607 656 notario
649 596 687 654 et
726 585 813 682 ipsis
851 579 1086 680 scriptoribus
1121 580 1290 654 librarum

233 701 522 803 vigintiquinque
548 699 774 790 tertiolorum
792 725 859 799 pro
877 698 1040 798 quolibet
1057 725 1200 791 eorum,
1227 701 1293 774 sed

234 821 367 892 notarii
402 816 508 889 offitii
541 817 667 890 fatiant
701 819 896 916 scripturas
922 815 1002 889 fieri
1029 818 1064 887 in
1089 819 1179 887 actis
1203 820 1292 917 poni

233 961 301 1036 pro
328 935 567 1010 solutionibus
600 935 793 1026 ordinatis,
821 935 980 1033 alioquin
1006 936 1073 1034 ipsi
1105 933 1294 1006 teneantur
1381 950 1385 959 '

233 1051 279 1126 ad
305 1079 455 1153 penam,
477 1065 514 1125 et
543 1054 696 1124 vicarius
722 1053 972 1150 provirionum
997 1051 1128 1124 debeat
1151 1051 1222 1124 hoc
1239 1054 1292 1124 eis

233 1173 433 1270 precipere¹
457 1183 496 1244 et
528 1171 726 1242 executioni
769 1169 940 1240 mandare
978 1166 1046 1240 sub
1085 1192 1175 1268 pena
1212 1167 1292 1242 libr.

236 1301 380 1388 centurn
409 1287 643 1363 tertiolorum.
1353 1351 1361 1360 a.

286 1404 487 1480 CXXXIX.
513 1404 570 1476 De
584 1403 819 1476 turbatoribus
847 1408 1012 1476 comunis
1039 1403 1236 1476 Mediolani
1260 1421 1295 1476 et

234 1549 360 1597 eorum
381 1528 520 1596 ‘salario
547 1538 583 1594 et
608 1521 732 1624 offitio.

285 1643 350 1714 Sex
375 1642 446 1712 sint
472 1638 656 1713 tubatores
687 1652 725 1712 ot
749 1663 926 1739 precones
961 1639 1291 1711 comunis'Medio-

236 1759 322 1851 lani,
340 1785 433 1829 unus
458 1783 525 1857 pro
552 1755 713 1854 qualibet
738 1769 863 1855 porta,
881 1759 944 1854 qui
967 1768 1157 1832 teneantur
1175 1755 1295 1833 facere

235 1870 350 1948 cridae
376 1901 442 1975 per
460 1875 648 1947 ¹civitatem
674 1889 710 1948 et
729 1872 900 1946 suburbia
926 1877 962 1944 in
982 1874 1070 1946 locis
1096 1875 1291 1967 consuetis,

233 2008 274 2066 et
298 1994 418 2067 medio
444 1993 642 2092 burgorum
668 1994 761 2065 inter
786 2005 917 2090 pontes
940 2004 1077 2063 veteres
1104 2006 1141 2064 et
1157 2006 1294 2093 portas,

236 2126 274 2184 et
305 2117 343 2184 in
377 2111 458 2184 aliis
493 2111 582 2204 locis
617 2113 798 2182 consuetis
833 2123 1001 2206 equester
1035 2124 1072 2183 et
1106 2111 1296 2208 pedester,

239 2227 437 2302 secundum
463 2228 563 2326 quod
589 2231 639 2301 eis
658 2231 869 2330 impositum
895 2226 1023 2318 fuerit,
1051 2226 1118 2298 sub
1143 2228 1292 2327 penali·

235 2346 380 2420 brorum
401 2348 525 2419 decern
545 2346 772 2420 tertiolorum
784 2372 854 2445 pro
872 2345 1034 2446 qualibet
1052 2347 1130 2419 vioe
1156 2359 1192 2418 et
1209 2371 1297 2442 quo-

236 2463 324 2538 libet
341 2489 465 2538 eorum
474 2521 486 2558 ,
504 2478 542 2536 et
558 2466 754 2537 ascendere
775 2464 946 2563 palatium
970 2466 1134 2536 comunis
1154 2460 1294 2535 Medio-

235 2583 307 2656 lani
333 2583 379 2656 ad
406 2607 614 2682 arengerarn
642 2609 772 2654 novam
798 2586 835 2654 in
861 2580 1024 2681 qualibet
1051 2583 1240 2675 contione,
1262 2593 1298 2654 et

237 2699 287 2772 ibi
313 2699 417 2770 tubas
436 2725 565 2772 sonare
583 2700 627 2771 ad
646 2701 939 2799 congregandum
957 2725 1140 2797 arengum,
1159 2711 1196 2771 et
1214 2696 1299 2770 alibi

238 2817 301 2918 ubi
332 2843 480 2890 necesse
515 2815 627 2889 fuerit
650 2833 687 2890 et
713 2831 997 2906 consueverunt3
1032 2831 1069 2888 et
1098 2815 1256 2887 habeant
1280 2841 1300 2887 a

237 2937 383 3010 comuni
396 2935 592 3008 Mediolani
606 2962 672 3035 pro
691 2961 815 3007 eorurn
842 2934 949 3006 feudo
976 2959 1040 3006 seu
1057 2934 1185 3006 salario
1201 2935 1299 3005 omni

236 3080 332 3127 anno
350 3040 467 3125 libras
493 3066 638 3126 centum
657 3054 788 3126 tertiol.
807 3080 874 3154 pro
894 3051 1056 3152 quolibet
1074 3077 1217 3145 eorum,
1236 3075 1298 3123 seu

234 3184 345 3270 prout
369 3186 632 3244 consueverunt
649 3171 802 3262 habere,
820 3185 860 3243 et
878 3171 969 3243 ultra
988 3171 1097 3244 nichil
1115 3197 1135 3242 a
1154 3171 1299 3243 comuni

236 3282 431 3362 Mediolani
467 3314 542 3360 non
570 3289 729 3362 habeant
761 3290 884 3386 aliquo
917 3290 1047 3379 mod03
1075 3291 1110 3358 in
1139 3313 1213 3385 quo
1240 3311 1297 3358 sa-

236 3405 325 3478 lario
352 3405 509 3482 debeant
535 3431 613 3480 csse
640 3410 817 3499 contenti,
837 3419 875 3479 et
896 3419 1087 3480 teneantur
1104 3407 1175 3504 ipsi
1194 3402 1299 3476 tuba-

238 3537 334 3596 tores
352 3541 388 3597 et
405 3525 560 3623 quilibet
573 3551 698 3597 eorum
712 3539 837 3598 tenere
850 3551 985 3622 equum
999 3549 1110 3594 unum
1124 3523 1168 3594 de
1179 3524 1299 3613 armis,

237 3655 273 3713 et
299 3644 329 3712 si
354 3669 433 3715 non.
456 3646 638 3716 tenuerint
664 3671 798 3742 equum
824 3669 936 3714 unum
962 3642 1008 3714 de
1029 3643 1155 3732 urinis,
1177 3665 1297 3712 remo·

235 3773 384 3831 veantur
407 3760 454 3832 ab
478 3756 606 3852 offitio,
635 3775 673 3834 et
691 3759 752 3835 fiat
771 3764 813 3834 iis
835 3760 966 3833 solutio
984 3761 1039 3832 sui
1064 3758 1183 3830 salarii
1200 3757 1299 3830 omni

236 3903 360 3950 mense
386 3881 430 3952 de
457 3905 560 3952 avere
587 3883 751 3952 comunis
771 3878 970 3952 Mediolani
987 3903 1053 3977 per
1071 3879 1299 3949 canevarium

237 3999 403 4069 comunis
429 3998 645 4088 Mediolani,
672 4013 709 4070 et
734 4023 801 4097 pro
838 3999 915 4096 ipso
946 3995 1071 4067 salario
1104 3995 1238 4067 habere
1264 4011 1301 4064 et

238 4126 359 4188 tenere
385 4116 543 4190 debeant
570 4143 702 4215 equum
729 4141 838 4190 unum
859 4115 903 4188 de
919 4115 1032 4188 armis
1050 4139 1117 4213 pro
1135 4111 1300 4210 quolibet
