3386 5122
1287 341 1307 407 5

257 449 476 522 honorabilis
500 450 707 548 potestatis,
726 449 826 521 etad
843 447 1147 524 refformationcm
1173 465 1211 523 et
1235 479 1311 553 gra·
1364 523 1372 534 ,

255 571 433 638 tissimum
457 580 591 639 statum
608 580 645 638 et
661 566 922 639 deffensionem
941 568 1105 641 comunis
1130 583 1169 642 et
1194 567 1309 641 homi-

251 711 339 756 num
354 684 552 758 Mediolani
566 697 606 758 et
623 686 826 776 districtus,
848 711 891 757 ac
913 684 1055 758 aliunde
1072 688 1110 757 in
1136 689 1189 759 eis
1206 702 1309 760 uten-

257 804 355 874 tium.
396 803 468 890 Qui
506 803 655 900 quidem
694 805 877 903 sapientes
921 803 1130 877 affectantes
1169 819 1310 877 tantum
1361 799 1363 804 ’

256 933 439 1018 tamquam
464 919 574 993 decus
593 934 631 992 et
647 920 874 993 fructuosum
891 945 1007 1022 oppus
1024 922 1162 996 eisdem
1179 926 1311 995 oomis-

255 1065 334 1110 sum
359 1039 602 1111 laudubilliter
623 1040 821 1138 adimplere
840 1053 877 1112 et
894 1040 959 1111 fini
975 1063 1140 1140 congruo
1166 1041 1311 1114 demen-

254 1157 362 1246 dare,
388 1157 566 1255 eligerunt
599 1159 636 1227 in
668 1156 750 1227 loco
785 1157 831 1227 ab
865 1155 960 1228 alliis
992 1159 1089 1228 curis
1124 1174 1310 1259 segregato

255 1275 425 1366 residere,
440 1276 555 1346 donec
568 1278 721 1373 petitum
735 1260 982 1374 predictorum
996 1289 1142 1373 portum
1159 1276 1313 1349 feliciter

255 1393 474 1491 tetigissent,
491 1393 616 1492 ibique
638 1419 658 1463 a
679 1385 841 1489 qualibet
865 1387 948 1463 allia
974 1418 1061 1464 cura
1084 1396 1228 1496 penitus
1255 1419 1310 1467 se·

253 1512 405 1610 gregati,
431 1511 517 1581 huie
542 1511 645 1610 operi
670 1535 887 1609 quamquam
912 1509 1092 1582 laborioso
1118 1526 1155 1584 et
1174 1512 1312 1611 longis-

254 1629 365 1718 simo,
387 1631 545 1726 gratuito
574 1642 691 1700 tamen
715 1629 919 1700 vehementi
946 1629 1067 1699 studio
1093 1629 1312 1728 vigillantcs,

254 1744 490 1843 videntesque
506 1759 666 1818 veterum
682 1744 866 1816 volumina
886 1759 1122 1839 statutorum,
1139 1749 1313 1846 provisio-

255 1887 361 1956 num,
379 1864 701 1955 rellormationum,
719 1863 901 1935 eridanum
920 1877 958 1936 et
981 1862 1312 1938 ordinamentomm

255 1981 339 2055 dicti
365 1985 549 2075 comunis,
568 1986 606 2054 in
624 1984 756 2080 quibus
774 1996 927 2082 propter
942 1981 1150 2081 frequentes
1167 1999 1313 2057 eontra·
1375 2015 1379 2027 “

244 2104 401 2174 ·rietates
413 2103 614 2199 nimiasque
625 2097 909 2199 superfluitates,
919 2101 1049 2174 ordine
1067 2127 1142 2172 non
1159 2117 1315 2195 servato,

256 2219 396 2292 diverse
425 2218 649 2318 vagabantur
680 2220 859 2292 sententie
890 2234 929 2293 et
961 2219 1185 2292 confusionis
1216 2247 1314 2293 scro-

255 2337 357 2409 culus
375 2338 594 2437 pullulabat,
613 2337 738 2411 eadem
755 2337 963 2429 emendare,
982 2352 1094 2436 prout
1109 2337 1229 2408 divina
1246 2365 1313 2438 po-

230 2520 232 2524 .
257 2458 367 2528 tentia
384 2457 520 2529 eisdem
536 2455 743 2530 facultatem
764 2454 875 2528 alacri
895 2456 1017 2530 studio
1037 2469 1074 2526 et
1093 2479 1180 2526 cura
1192 2457 1314 2555 vigilli,

253 2587 474 2666 statuentes,
491 2575 713 2667 adiitientes,
730 2574 983 2666 detrahentes,
1000 2586 1246 2673 permutantes
1272 2601 1314 2648 ac

254 2694 361 2765 etiam
387 2693 433 2764 de
459 2718 553 2765 novo
578 2695 828 2793 disponentes,
855 2715 971 2793 eaque
1001 2692 1117 2764 titulis
1146 2693 1314 2794 congruis

254 2823 465 2909 agregantes
476 2867 487 2903 ,
519 2827 629 2910 prout
668 2813 720 2883 eis
758 2813 875 2884 visum
920 2812 1033 2883 extitit
1068 2823 1311 2909 oportunum,

255 2944 292 3001 et
316 2953 359 3001 ea
383 2931 492 3000 unico
518 2930 701 3002 volumine
730 2930 768 2999 in
798 2927 903 3004 libris
929 2943 1053 3002 tamen
1079 2943 1179 3021 octe,
1205 2943 1316 3028 prout

254 3047 350 3119 infra
383 3049 584 3141 videbitur,
622 3047 844 3139 dividentes,
874 3061 916 3119 ut
957 3050 1056 3118 omni
1094 3048 1141 3120 ab
1178 3049 1315 3120 eisdem

253 3170 388 3241 reiecta
414 3168 574 3260 sorditie,
597 3165 687 3239 nihil
714 3169 937 3238 contrarium
962 3166 1018 3238 vel
1045 3166 1184 3238 inutille
1208 3166 1314 3238 relin-

253 3300 405 3388 quatur,
421 3287 487 3358 sed
510 3288 612 3359 volut
637 3286 749 3357 fontis
775 3286 893 3357 ameni
919 3285 1060 3358 claritas
1085 3283 1314 3356 scitientibus

254 3407 410 3498 oriatur3
437 3431 591 3505 quorum
623 3421 707 3478 octo
739 3406 914 3478 librorum
939 3405 1086 3476 nomina
1118 3414 1204 3474 sunt
1228 3401 1312 3474 hee:

253 3525 559 3616 iurisdictionum,
590 3522 858 3596 mallefitiorum
869 3581 881 3616 ,
915 3523 1088 3614 civilium,
1114 3520 1314 3593 extraordi-

255 3629 440 3714 nariorum
450 3701 462 3736 ,
487 3641 718 3735 victualium,
743 3642 944 3734 dationum,
969 3651 1209 3712 mercatorum
1238 3638 1315 3714 Me·

252 3760 389 3832 diolani
415 3775 455 3833 et
478 3776 716 3835 mercatorum
741 3760 833 3832 lane.
859 3760 941 3847 Que
958 3755 1106 3858 quidem
1125 3769 1258 3830 statuta
1276 3773 1315 3832 et

254 3880 504 3953 ordinamenta
529 3894 567 3953 et
592 3883 672 3953 ima
697 3877 944 3978 municipallia
969 3889 1053 3977 post
1078 3878 1312 3950 examinatio·

254 4021 336 4070 nem
362 4013 400 4071 et
425 4001 690 4071 correctionem
707 3997 839 4068 foetam
857 3989 1098 4096 perprefatos
1120 3999 1312 4094 sapientes,

253 4121 383 4188 iterum
411 4133 482 4217 'per
507 4117 611 4189 allios
643 4116 888 4214 infrascriptos
914 4116 1119 4214 sapientes,
1144 4112 1314 4186 videlieet
