3338 5042
427 317 499 391 lbl

426 436 637 507 universitas
666 459 729 506 seu
763 432 865 533 plebs
898 435 954 506 vel
994 433 1187 533 singularis
1220 455 1372 531 persona
1410 459 1497 504 non

424 555 539 652 possit
563 550 729 651 compelli
761 551 901 622 solvere
925 550 1017 622 ultra
1049 549 1181 622 solidos
1216 562 1373 650 quatuor
1408 562 1492 622 ter-

426 668 501 742 tiol.
528 673 565 742 in
589 669 650 742 die
674 695 742 769 pro
760 670 926 767 expensis
944 668 1017 739 cibi
1041 681 1078 740 et
1093 681 1202 767 potus
1228 692 1295 767 per
1311 664 1491 765 aliquem,

426 789 490 887 qui
518 790 658 862 steterit
691 799 816 887 captus
849 787 906 858 vel
936 786 1105 858 detentus
1138 809 1181 857 ea
1215 786 1409 857 occasione
1442 799 1491 856 ut

427 931 554 1006 supra,
581 931 653 977 non
684 905 848 978 obstante
881 904 1005 1003 aliquo
1034 917 1168 977 statuto
1192 905 1230 974 in
1262 904 1488 976 contrarium

428 1024 609 1122 loquente.

479 1139 548 1211 CC.
577 1138 687 1235 Quod
708 1144 913 1238 sstperstites
939 1163 1129 1212 carcerum
1145 1161 1219 1210 non
1234 1142 1372 1237 possim
1393 1161 1486 1210 con-

291 1345 298 1364 m
427 1253 536 1358 sequi
551 1263 649 1330 ultra
673 1262 737 1330 sol.
763 1253 922 1358 quatuor
946 1260 1132 1329 tertiatio
1153 1255 1209 1327 die
1219 1279 1294 1355 pro
1311 1260 1487 1355 expenso

428 1375 500 1446 cabi
523 1388 560 1446 et
579 1388 690 1474 potus
715 1379 904 1448 carcerati.

479 1492 646 1594 Hospites
680 1517 743 1566 seu
778 1494 984 1592 superstites
1017 1505 1179 1564 tenentes
1212 1515 1377 1564 carceres
1409 1517 1486 1564 non

428 1612 569 1710 possint
594 1635 659 1711 per
684 1635 724 1683 se
747 1636 816 1684 nec
831 1635 897 1710 per
914 1609 1124 1684 submissam
1142 1633 1333 1709 personam
1348 1622 1487 1708 petere,

429 1725 604 1830 accipere,
629 1728 761 1801 habere
785 1751 852 1801 nec
878 1728 1051 1824 consequi
1075 1725 1276 1798 ullomodo
1297 1728 1486 1826 acaptivis

430 1871 497 1947 pro
523 1847 606 1918 cibo
638 1859 675 1919 et
706 1859 795 1944 potu
827 1844 989 1944 quolibet
1018 1844 1076 1917 die
1109 1843 1203 1916 ultra
1238 1843 1303 1916 sol.
1331 1858 1486 1942 quatuor

431 1965 581 2057 tertiol,
608 1964 674 2036 sub
695 1989 787 2064 pena
804 1964 976 2034 libratum
1003 1962 1128 2034 decem
1148 1961 1375 2034 tertioloium
1401 1987 1488 2060 qua-

433 2081 520 2154 libet
545 2084 631 2156 vice.
1450 2164 1453 2168 .

433 2235 437 2242 ·
482 2198 571 2275 CCI.
602 2197 711 2296 Quod
732 2206 939 2302 superstites
964 2225 1039 2272 non
1063 2179 1197 2296 copam
1221 2203 1379 2298 aliquam
1390 2201 1485 2298 'per-

432 2343 555 2390 sonam
580 2332 678 2391 stare
703 2319 753 2390 ad
773 2333 908 2420 pastos.

482 2435 538 2507 Ad
571 2435 810 2507 resistendum
841 2435 984 2506 malitiis
1018 2435 1250 2531 superstitum
1280 2458 1486 2523 carcerum,

433 2555 734 2652 superstitesnec
752 2552 811 2625 alii
829 2552 927 2624 nullo
948 2553 1056 2624 modo
1077 2564 1208 2650 cogant
1228 2550 1383 2647 aliquam
1409 2576 1488 2650 per·

432 2695 557 2744 sonam
573 2683 665 2744 stare
689 2671 734 2743 ad
757 2684 880 2771 pastos
897 2669 1028 2744 nec-ad
1045 2668 1182 2768 aliquas
1208 2691 1402 2770 expensas,
1418 2669 1488 2740 nisi

432 2790 628 2864 secundum
654 2790 751 2889 quod
777 2789 982 2862 ordinatum
1007 2802 1063 2860 est
1086 2813 1154 2886 per
1180 2799 1330 2876 statuta,
1357 2798 1395 2858 et
1419 2786 1486 2858 boc

433 2906 501 2980 sub
526 2933 619 3010 pena
644 2907 817 2981 librarum
841 2907 1131 3008 vigintiquinque
1162 2903 1292 2978 tertiol.
1319 2906 1489 3006 supersti-

434 3025 530 3099 tibus
548 3051 615 3125 pro
636 3025 797 3126 quolibet
814 3040 1008 3098 carcerato.
1034 3026 1082 3096 Et
1098 3023 1319 3122 intelligatur
1334 3021 1489 3120 quilibet

433 3157 636 3218 carceratus
661 3148 740 3244 cogi
764 3157 860 3216 stare
884 3143 931 3215 ad
954 3157 1089 3244 pastos,
1114 3143 1183 3214 nisi
1208 3165 1274 3242 per
1308 3151 1487 3238 protesta-

434 3265 571 3338 tionem
596 3263 789 3336 cuiuslibet
817 3265 991 3362 carcerati
1016 3260 1150 3334 factam
1180 3258 1342 3359 qualibet
1374 3257 1487 3332 ebdo-

433 3381 538 3454 mada
565 3404 698 3454 coram
712 3379 1052 3454 examinatoribus*
1075 3391 1247 3479 appareat
1256 3383 1353 3450 cum
1371 3399 1487 3448 carce·

432 3514 551 3572 ratum
584 3499 677 3572 velle
704 3511 796 3571 stare
811 3497 867 3570 ad
890 3510 1031 3597 pastos3
1058 3499 1160 3570 cuius
1193 3521 1287 3596 pene
1317 3494 1489 3568 medietas

430 3622 616 3718 perveniat
641 3621 678 3692 in
703 3630 925 3692 carceratum
951 3631 987 3690 et
1013 3616 1150 3717 reliqua
1177 3617 1214 3688 in
1234 3607 1486 3688 comanente

434 3737 566 3811 diolani
574 3794 585 3831 ,
602 3753 638 3810 et
654 3741 733 3838 ipse
748 3733 950 3811 carceratus
968 3737 1019 3808 ab
1030 3737 1120 3834 ipsis
1138 3735 1302 3835 expensis
1318 3736 1369 3806 sit
1381 3729 1487 3805 absc—

433 3854 547 3946 lutus,
573 3869 609 3928 et
633 3881 700 3956 pro
726 3856 778 3928 eis
804 3856 842 3926 in
868 3853 991 3953 aliquo
1016 3880 1088 3926 non
1115 3863 1291 3928 teneatur.

435 4129 453 4172 a
478 4118 687 4175 «exactoribus
708 4117 783 4189 »(1n
803 4117 866 4172 Coo.
884 4117 964 4202 eod-l.
