3416 5054
414 349 484 424 ⁴02

409 465 612 536 bannorum
629 476 792 534 veterum
805 452 1120 561 gubernandorum
1134 460 1178 533 ad
1192 486 1368 533 cameram
1381 461 1469 536 ban:

409 607 541 653 norum
556 595 718 652 veterum
744 573 873 679 palatii
895 580 979 651 novi
1001 579 1167 650 datorum
1193 603 1261 677 pro
1278 578 1468 655 mallesrtiis

409 723 476 798 per
501 698 687 770 dominum
714 710 928 798 potestatem
945 710 979 767 et
997 698 1071 767 eius
1092 697 1228 767 iudices
1253 709 1290 767 et
1315 697 1469 770 iudicem
1500 729 1502 733 ·

411 829 449 889 et
475 817 646 888 vicarium
665 815 822 905 domini,
848 828 885 887 et
901 839 968 914 per
994 839 1238 912 quoscumque
1265 829 1470 889 exercentes

411 932 696 1007 iurisdictionem
717 958 783 1031 pro
804 933 950 1004 comuni
970 930 1179 1022 Mediolani,
1193 945 1231 1002 et
1249 933 1354 1003 etiam
1372 933 1471 1005 dato*-

339 1043 341 1048 ’
411 1077 490 1122 rum
516 1054 553 1121 in
580 1052 720 1122 civitate
745 1049 939 1121 Mediolani
957 1065 1023 1146 pro
1043 1050 1158 1118 causis
1180 1039 1396 1147 pecuniariis
1411 1051 1469 1122 vel

413 1169 487 1239 alia'
507 1193 548 1239 re
573 1166 630 1238 vel
656 1170 822 1266 negotio,
849 1180 885 1238 et
912 1167 958 1235 sit
983 1164 1041 1235 illa
1069 1187 1219 1265 persona
1251 1164 1349 1266 layca
1374 1164 1480 1240 bona'.
1509 1221 1511 1224 -

412 1284 601 1384 et'legalis
627 1298 665 1356 et
691 1308 815 1384 mayor
840 1284 940 1354 annis
966 1284 1130 1383 triginta,
1158 1286 1220 1382 qui
1236 1286 1396 1357 notarius
1422 1297 1471 1356 te-

412 1415 540 1475 neatur
565 1403 741 1474 satisdare
767 1425 888 1472 coram
915 1401 1069 1472 dominis
1096 1423 1158 1471 sex
1184 1425 1326 1472 camere
1347 1401 1394 1474 de
1420 1401 1472 1473 of-

414 1519 492 1592 fitio
511 1547 575 1594 suo
595 1519 689 1592 bene
708 1517 745 1591 et
762 1519 921 1616 legaliter
938 1518 1152 1612 exercendo,
1176 1533 1212 1590 et
1228 1519 1274 1590 de
1300 1519 1471 1592 salvando

413 1638 450 1710 et
468 1635 705 1710 custodiendo
722 1637 841 1708 banna
854 1650 897 1730 ,et
915 1639 1113 1736 scripturas
1132 1640 1186 1708 sui
1205 1635 1319 1729 offitii,
1336 1650 1375 1710 et
1391 1627 1472 1738 pro-

414 1757 574 1828 curando
601 1754 701 1853 quod
726 1753 846 1826 banna
862 1754 1026 1852 predicta
1044 1755 1262 1826 reducantur
1286 1756 1331 1826 ad
1357 1757 1471 1855 ipsum

414 1873 587 1965 offitium,
606 1888 644 1945 et
669 1873 712 1944 de
739 1872 909 1944 solvendo
928 1875 1073 1944 comuni
1091 1873 1288 1945 Mediolani
1305 1865 1471 1946 denarios

415 1994 470 2063 sui
496 1994 676 2083 incantus,
695 1994 723 2061 si
741 1992 927 2089 contingat
950 1991 1048 2089 quod
1065 1990 1242 2062 vendatur
1258 1995 1376 2090 ipsum
1394 1989 1472 2062 offi-

417 2111 516 2200 tium,
531 2122 564 2180 et
582 2109 627 2180 de
645 2135 716 2180 non
735 2107 945 2206 recipiendo
963 2107 1178 2180 solutionem
1196 2124 1321 2199 contra
1339 2120 1471 2182 statuta

415 2229 576 2299 comunis
600 2227 817 2318 Mediolani,
835 2239 872 2298 et
890 2225 934 2298 de
955 2226 1127 2298 solvendo
1153 2253 1276 2299 omnes
1298 2229 1471 2300 condem:

414 2345 621 2445 pnationes,
649 2370 718 2442 que
745 2343 872 2416 fierent
899 2345 944 2416 de
963 2347 1039 2446 ipsa
1057 2347 1195 2418 ratione
1212 2347 1267 2417 vel
1285 2371 1390 2418 causa
1417 2351 1471 2420 sui

417 2461 532 2534 offitii.

410 2624 412 2630 ,
469 2579 705 2651 CXXXVIII.
725 2581 780 2652 De
797 2580 1029 2652 satisdatione
1046 2586 1272 2654 notariorum
1285 2582 1328 2653 de
1344 2580 1470 2684 offitio.

467 2696 671 2770 Teneantur
689 2701 829 2791 notarii,
837 2700 901 2796 qui
915 2696 1101 2771 habebunt
1114 2698 1240 2792 offitia,
1247 2699 1379 2772 bonam
1393 2724 1473 2799 pre·

414 2829 508 2888 stare
533 2814 801 2888 satisdationem
826 2817 871 2888 ad
897 2841 1076 2888 cameram
1095 2821 1258 2890 comunis
1276 2817 1472 2893 Mediolani

414 2935 460 3007 de
486 2933 656 3006 solvendo
673 2938 818 3006 comuni
835 2933 1030 3007 Mediolani
1046 2937 1202 3034 pretium
1228 2941 1283 3008 sni
1310 2939 1473 3009 incantus

414 3051 461 3123 de
486 3077 608 3123 mense
633 3053 668 3123 in
695 3077 875 3145 mensem,
909 3053 1106 3128 secundum
1132 3051 1281 3126 formam
1309 3059 1472 3127 incantus

414 3193 478 3241 seu
506 3169 581 3240 dati
607 3173 770 3242 comunis
780 3171 999 3263 Mediolani,
1017 3163 1092 3242 non
1107 3173 1265 3274 petendo
1292 3195 1357 3245 nec
1384 3163 1474 3244 acciss

413 3290 547 3390 piendo
573 3288 789 3360 solutionem
814 3315 880 3388 per
898 3315 937 3362 se
964 3315 1031 3364 nec
1048 3315 1117 3390 per
1132 3289 1290 3391 aliquem
1317 3303 1507 3379 commo·-¹

414 3421 551 3479 rantem
578 3407 623 3477 ad
650 3404 831 3480 banchum
857 3435 924 3480 nee
949 3435 1016 3509 per
1041 3409 1197 3506 aliquam
1227 3413 1473 3510 interpositam

414 3550 622 3624 personam,
649 3525 742 3598 ultra
769 3525 918 3598 formam
945 3541 1152 3598 contentam
1178 3529 1216 3598 in
1243 3523 1384 3601 statutis
1410 3553 1472 3600 co-

415 3646 533 3714 munis
560 3642 774 3738 Mediolani,
799 3658 836 3718 et
869 3646 914 3717 de
940 3645 1112 3717 solvendo
1143 3671 1268 3718 omnes
1302 3671 1413 3746 penas
1439 3659 1475 3719 et

415 3761 772 3860 condempnationes,
798 3789 868 3862 que
895 3762 1025 3836 fierent
1051 3767 1128 3862 ipsa
1145 3766 1355 3858 occaxione,
1373 3766 1419 3838 de
1438 3790 1475 3836 se

413 3876 471 3950 vel
497 3877 618 3978 aliquo
646 3895 881 3954 conversante
908 3908 972 3954 seu
999 3895 1146 3982 gerente
1170 3882 1323 3956 offitium
1350 3907 1475 3954 eorum

388 4000 394 4012 '
415 3998 559 4068 riomine
578 4021 641 4068 seu
656 4000 700 4070 ad
714 4025 839 4071 eorum
856 4003 1068 4100 petitionem
1087 4001 1132 4072 ad
1147 4003 1264 4104 ipsum
1277 3999 1474 4092 banchum3

407 4126 450 4185 'et
476 4140 547 4186 non
574 4128 670 4187 stent
695 4115 741 4187 ad
767 4117 944 4189 banchum
964 4118 1111 4190 alicuius
1135 4119 1338 4192 iusdicentis
1363 4117 1475 4215 aliqui
