3338 5042
367 285 436 352 ¹15ss

361 417 444 468 cere
469 396 528 468 die
545 409 743 494 noctuque,
759 407 796 468 et
820 399 951 498 totiens
969 399 1170 494 quotiens
1155 400 1209 468 eie
1205 396 1417 498 placuerit;

362 527 399 586 et
424 511 552 586 eodem
589 514 699 586 modo
732 482 887 614 quilibet
912 489 1013 613 inber
1038 539 1120 585 curn
1151 541 1224 614 uno
1252 517 1344 590 sotio
1368 517 1418 588 de

361 657 401 706 ar
405 644 439 704 te
455 633 534 731 ipsa
550 633 665 732 possit
690 631 851 704 circhare
860 605 1067 732 querulibet
1088 600 1299 710 consdlem
1290 657 1326 706 in
1344 648 1417 706 stn-

360 751 461 824 ziona
477 762 515 820 et
532 750 569 820 in
588 748 697 822 domo
723 752 820 840 eius3
841 764 879 821 et
895 749 1048 848 quilibet
1065 763 1139 852 tam
1159 750 1286 822 consui
1307 777 1419 852 quarn

360 868 451 940 alius
478 866 607 940 debeat
632 880 794 968 prestare
819 869 1041 966 patientiam¹
1060 868 1251 940 exercendi
1275 872 1316 942 in
1339 881 1419 954 eta-

360 989 461 1058 ziona
486 997 524 1057 et
548 986 587 1056 in
614 985 724 1056 domo
753 1010 815 1057 sua
842 997 880 1056 et
902 985 965 1056 ubi
982 985 1162 1084 voluerint
1185 983 1418 1080 oirehntores,

362 1103 428 1176 sub
460 1105 554 1202 pena
586 1101 774 1182 soldorum
805 1104 932 1200 viginti
966 1104 1096 1175 tertiol.
1130 1095 1291 1208 qualibet
1320 1109 1432 1206 vice„

359 1237 397 1296 et
421 1222 594 1353 magister
616 1233 783 1292 'teneatur
806 1245 874 1320 pro
901 1221 1084 1320 quolibet,
1111 1224 1174 1320 qui
1199 1226 1338 1306 vetaret
1361 1224 1423 1308 vei

364 1341 529 1412 diceret
519 1338 685 1410 iniuriam
703 1338 750 1410 ad
768 1338 915 1410 domum
939 1365 1064 1432 suam3.
1075 1354 1113 1412 et
1132 1341 1300 1412 credatur
1319 1340 1435 1426 dicto,

363 1482 490 1530 eorum
507 1455 698 1528 consulum
714 1454 771 1527 vel
788 1456 894 1527 unius
910 1455 1111 1529 refferentis
1133 1483 1215 1530 curn
1233 1484 1308 1554 uno
1265 1473 1421 1590 teste

363 1601 446 1648 cum
472 1581 707 1648 sacramento.

413 1691 650 1764 CCXXXVI.
686 1693 742 1764 De
771 1696 890 1764 oratio
916 1695 991 1764 sine
1011 1698 1133 1791 pretio
1155 1691 1329 1800 fatiendo
1349 1719 1422 1837 per

364 1817 609 1884 oratiotorem

413 1929 587 2001 Asazator
612 1939 734 2000 teneat
735 1953 778 1997 ur
801 1952 867 2026 per
895 1939 1156 2002 sacramentum
1190 1931 1267 2004 sine
1300 1863 1422 2027 aliquo

364 2050 484 2147 pretio
510 2045 629 2120 facere
662 2045 818 2116 asazium
844 2044 891 2117 de
916 2049 1015 2117 omni
1041 2072 1152 2180 opere
1183 2060 1329 2148 reperto
1354 2074 1422 2148 per

364 2164 530 2237 eonsules
556 2176 594 2238 et
620 2163 858 2256 circhatoree,
884 2163 985 2262 quod
1011 2178 1107 2236 esset
1131 2164 1169 2236 in
1196 2165 1357 2238 dubium.

415 2281 669 2355 CCXXXVII.
696 2279 752 2352 De
772 2307 868 2379 pena
880 2278 1051 2380 finientis
1073 2279 1308 2382 fraudoloaee
1331 2309 1421 2382 opus

365 2405 508 2498 argenti
530 2401 681 2472 minoris
706 2397 872 2471 bonitatis
894 2423 1002 2498 quam
1027 2399 1138 2472 debet.

415 2519 453 2590 Si
480 2520 561 2618 quis
587 2519 632 2590 de
657 2527 778 2590 cetero
800 2515 1048 2590 fraudolenter
1066 2521 1231 2616 posuerit
1246 2519 1284 2588 in
1302 2491 1423 2617 aliquo

366 2635 494 2728 calice,
521 2658 650 2736 eoppa,
677 2627 784 2733 napo,
811 2635 971 2726 noiolio,
992 2633 1196 2739 eugialibus
1211 2635 1274 2708 vel
1300 2635 1423 2736 aliquo

366 2771 477 2854 opere
515 2777 638 2852 grosso
674 2751 823 2852 aliquod
848 2765 1039 2851 argentum·
1067 2754 1217 2826 minoris
1250 2755 1425 2827 bonitatis

366 2874 605 2972 suprascripte
638 2870 708 2968 lige
745 2895 884 2970 groese,
922 2870 1209 2969 condempnetur
1246 2872 1284 2942 in
1315 2869 1424 2964 tibris

366 2990 489 3062 deeein
505 2989 646 3061 tertiol.
664 3013 733 3088 pro
761 2987 925 3088 quolibet
949 3013 1061 3088 opere
1075 3001 1125 3078 et
1151 2988 1311 3087 qualibet
1326 2991 1428 3082 vice,

288 3113 291 3116 ’
367 3122 404 3180 et
430 3107 521 3182 illud
547 3129 638 3206 opus
673 3105 875 3206 irrogatum
908 3115 945 3180 et
975 3105 1075 3204 quod
1106 3117 1299 3206 antequam
1332 3131 1423 3206 opus

368 3229 416 3298 sit
433 3225 672 3326 completum,
698 3247 772 3296 non
797 3224 903 3296 radat
920 3222 1024 3296 faber
1041 3225 1077 3294 in
1098 3249 1212 3324 pena,
1238 3225 1308 3296 nisi
1325 3223 1424 3322 quod

368 3341 552 3442 frangatur
577 3365 645 3444 pro
671 3355 774 3445 parte
799 3343 904 3414 mala.

405 3457 692 3560 'CCXXXVHL
720 3461 775 3533 De
801 3445 946 3534 eodem?

416 3581 455 3652 Si
486 3583 569 3678 quis
606 3579 814 3653 fraudoloxe
851 3577 1052 3652 vendiderit
1089 3581 1125 3649 in
1158 3577 1280 3678 aliquo
1314 3602 1425 3676 opere

370 3721 495 3799 grosso
522 3698 579 3770 vel
606 3701 746 3770 minuto
763 3696 901 3796 aliquid
929 3697 1147 3789 inocculto,
1173 3694 1427 3796 quodnonsit
1491 3735 1495 3742 ·

370 3843 496 3888 aurum
521 3817 580 3890 vel
606 3829 793 3915 argentum
820 3815 908 3916 lige,
927 3814 1024 3888 salvo
1042 3839 1149 3913 quam
1177 3839 1333 3914 congrua
1352 3812 1425 3886 sol-

370 3936 523 4027 datura,
558 3933 743 4032 frangatur
761 3972 764 3978 ·
782 3960 899 4034 opuS,
934 3947 971 4004 et
1006 3933 1099 4004 ultra
1139 3932 1425 4034 condempnetur

371 4052 517 4128 arbitrio
537 4051 740 4145 consulum,
759 4053 920 4148 inspecta
938 4051 1110 4150 qualitate
1128 4049 1227 4141 facti3
1251 4062 1289 4126 et
1304 4061 1425 4124 utrum
