3386 5122
412 227 460 296 90

410 353 447 410 et
473 340 624 432 notariis
649 352 687 412 et
712 338 790 412 aliis
807 339 854 412 de
871 365 935 415 sua
954 340 1089 414 familia
1116 340 1245 415 habeat
1271 357 1307 414 et
1332 343 1470 422 habere

411 459 543 532 debeat
566 484 634 559 pro
661 485 726 531 suo
752 457 864 532 feudo
888 459 934 532 de
959 483 1066 532 avere
1093 463 1256 536 comunis
1273 463 1471 538 Mediolani

410 602 480 675 pro
507 577 624 650 medio
650 601 764 669 anno,
783 590 819 650 et
836 601 904 675 pro
930 603 996 650 suo
1022 592 1154 651 eventu
1180 577 1279 657 facto
1303 594 1388 658 ante
1413 585 1468 656 in—

411 697 617 795 ceptionem
648 697 855 793 regiminis,
886 707 924 768 et
955 719 1023 794 pro
1054 707 1219 796 tempore
1251 723 1325 794 quo
1360 699 1472 776 stabit

409 811 456 884 ad
481 814 714 904 sindicatum,
731 812 842 887 libras
861 827 1018 910 quatuor
1037 813 1150 888 millia
1175 815 1417 896 tertiollorum
1434 833 1471 892 et

410 956 483 1004 non
509 931 604 1002 ultra
637 931 758 1028 aliquo
791 931 921 1022 modo,
947 931 1118 1004 videlicet
1151 936 1295 1020 tertiam
1325 948 1469 1034 partem

404 1050 530 1148 ‚primo
555 1072 679 1120 mense
713 1050 768 1120 sui
794 1050 995 1147 regiminis,
1020 1049 1126 1122 aliam
1151 1053 1296 1128 tertiam
1328 1065 1471 1150 partem

412 1168 449 1236 in
475 1165 596 1240 medio
631 1179 794 1266 tempore
820 1168 874 1238 sui
900 1168 1101 1265 regiminis,
1128 1181 1165 1242 et
1190 1167 1297 1243 aliam
1328 1172 1470 1248 tertiam

412 1297 553 1382 partem
572 1286 610 1356 in
628 1281 699 1356 fine
720 1285 777 1356 sui
794 1285 997 1383 regiminis,
1016 1285 1266 1384 preterlibras
1282 1300 1471 1366 sexcentas

413 1401 657 1496 tertiolorum,
676 1428 748 1500 que
765 1414 864 1476 stent
881 1427 995 1502 penes
1013 1405 1244 1477 canevarium
1271 1407 1471 1481 communis

412 1518 626 1616 Mediolani,
653 1546 742 1622 quas
766 1521 899 1594 habeat
924 1534 1117 1620 postquam
1143 1521 1249 1596 fuerit
1283 1522 1472 1596 absolutus

411 1626 478 1736 per
496 1631 723 1732 sindicatum,
734 1640 793 1712 vel
810 1654 1003 1739 postquam
1017 1638 1064 1710 de
1082 1639 1472 1738 condempnationibus

413 1755 459 1828 de
486 1782 530 1829 eo
555 1756 612 1828 vel
638 1757 684 1831 de
709 1757 832 1856 aliquo
862 1758 908 1831 de
934 1760 1011 1832 eius
1045 1755 1194 1832 familiia
1227 1757 1332 1830 factis
1364 1757 1473 1856 fuerit

414 1871 639 1948 satisfactum
673 1876 819 1948 comuni
846 1875 1039 1948 Mediolani
1064 1875 1120 1948 vel
1146 1875 1215 1948 illis
1248 1879 1311 1973 qui
1340 1876 1473 1948 habere

408 1973 621 2086 debuerint,
653 2005 692 2065 et
726 1990 976 2066 nichilominus
1011 2007 1177 2069 teneatur
1213 1997 1290 2092 ipse
1325 1997 1473 2071 eteius

413 2109 654 2184 fideiussores.
669 2114 718 2184 Et
730 2113 794 2214 qui
805 2125 967 2210 potestas
984 2114 1134 2187 sechum
1147 2112 1280 2186 habeat
1297 2126 1336 2184 et
1351 2126 1474 2188 teneat
1574 2201 1577 2207 Ι

356 2245 358 2250 ’
389 2227 458 2335 'ad
484 2254 566 2300 suas
591 2255 768 2329 expensas
791 2243 930 2331 septem
948 2230 1084 2316 iudices
1103 2231 1331 2330 iurisperitos
1352 2229 1471 2303 bonos

412 2362 449 2420 et
473 2349 633 2448 ydoneos
658 2360 696 2422 et
721 2348 852 2448 legales
878 2362 917 2421 et
942 2360 1098 2445 quatuor
1124 2349 1256 2422 milites
1275 2363 1311 2422 et
1329 2373 1391 2420 sex
1409 2375 1473 2420 no·

413 2468 526 2538 iarios
540 2467 586 2539 ad
600 2466 782 2560 malelitia,
796 2491 949 2566 quorum
964 2467 1123 2540 iudicum
1136 2492 1229 2544 unus
1243 2468 1291 2538 sit
1303 2468 1471 2558 vicarius,

414 2585 477 2681 qui
494 2585 542 2656 sit
559 2585 687 2658 doctor
704 2586 845 2684 legum,
863 2597 901 2656 et
916 2585 1045 2657 debeat
1062 2598 1158 2656 stare
1175 2585 1212 2656 in
1229 2609 1472 2658 cameracum

416 2714 596 2800 potestate
608 2715 645 2775 et
656 2702 757 2796 alibi,
770 2703 990 2800 ubicumque
1007 2703 1118 2776 fuerit
1129 2727 1296 2794 necesse,
1308 2727 1376 2801 pro
1389 2727 1474 2774 con·-

417 2819 504 2893 siliis
529 2836 567 2894 et
591 2823 727 2894 iustitia
755 2821 930 2912 redenda3
959 2836 1033 2894 tres
1058 2822 1118 2893 alii
1136 2821 1292 2894 debeant
1315 2834 1410 2893 stare
1428 2820 1474 2898 ad

416 2963 540 3012 causas
566 2939 742 3013 tenendas
769 2941 816 3014 ad
840 2940 922 3013 loca
938 2943 991 3013 eis
1007 2940 1220 3040 assignanda
1237 2965 1305 3039 per
1321 2963 1474 3012 comune

349 3089 352 3094 ·
416 3057 615 3130 Mediolani
638 3060 677 3132 in
702 3059 859 3132 brolleto
889 3085 985 3133 novo
1011 3061 1047 3130 in
1072 3056 1224 3157 palatio,
1251 3071 1288 3135 et
1314 3057 1387 3130 duo
1413 3057 1474 3130 alii

320 3239 321 3244 ,
417 3175 574 3248 debeant
598 3195 786 3275 superesse
812 3177 858 3248 ad
884 3174 1053 3249 malefitia
1080 3175 1296 3274 inquirenda
1322 3175 1369 3246 ad
1394 3173 1474 3254 loca

417 3294 487 3368 sibi
513 3295 727 3394 assignanda
757 3297 794 3364 in
820 3294 977 3366 brolleto
1004 3318 1116 3386 novo,
1142 3293 1342 3366 secundum
1375 3291 1475 3389 quod

494 3552 507 3578 »ι
527 3529 675 3600 ordinatis,
687 3533 716 3584 et
731 3543 784 3600 per
794 3529 906 3586 dictum
922 3529 1061 3598 spinolarn
1078 3528 1108 3584 in
1123 3527 1212 3584 officio
1229 3528 1302 3584 dioto
1316 3527 1466 3598 ¹potestaria

494 3637 504 3661 ι
526 3614 650 3685 legitima
667 3614 769 3672 habitis
782 3617 810 3672 ct
822 3613 961 3685 perceptis
973 3629 990 3674 a
1001 3614 1049 3670 din
1061 3629 1104 3672 ιιι
1113 3613 1250 3686 presentis
1260 3613 1363 3671 mensis
1375 3612 1466 3672 martii

451 3752 456 3768 ,
494 3715 614 3770 ›rusque
630 3701 667 3758 ad
684 3715 732 3756 sex
749 3715 858 3758 menses
883 3702 949 3756 tuno
966 3699 1092 3773 proxime
1113 3701 1256 3757 secuturas
1280 3702 1378 3756 tenore
1403 3711 1466 3766 pre-

494 3805 507 3832 »
527 3784 646 3840 sentium
671 3785 784 3842 facinus
809 3787 838 3842 et
862 3784 1054 3840 constituimus
1072 3788 1125 3839 etc.
1144 3804 1156 3831 υ
1177 3782 1277 3854 Elapso
1301 3781 1376 3842 iilius
1391 3780 1467 3854 ¹novi

494 3868 609 3925 rectoris
626 3869 861 3940 omnitempore,
878 3885 945 3926 eum
961 3869 1018 3930 dux
1033 3869 1069 3924 ad
1086 3868 1155 3924 aiios
1172 3882 1222 3925 sex
1240 3881 1350 3942 meuses
1367 3863 1467 3920 confir·

494 3953 580 4010 mavit
597 3953 710 4012 decreto
723 3954 810 4012 Ticini
822 3955 886 4014 dato
899 3957 998 4028 quarto
1009 3953 1065 4012 tal.
1076 3952 1241 4024 septembris
1255 3951 1380 4008 eiusdem
1392 3948 1467 4004 anni.

960 4041 1018 4108 (Ea
1037 4037 1312 4114 eoamrapnani,
1330 4051 1358 4106 p.
1375 4037 1429 4101 57).
