3386 5122
1223 495 1300 568 bi.

218 611 296 710 ipse
310 603 473 701 notarius
485 604 689 709 impeditus,
702 609 749 680 de
762 609 893 707 quibus
912 605 1101 682 teneantur
1117 627 1285 710 congruo

220 729 384 826 tempore
401 726 520 799 lacere
538 727 685 801 cuilibet
702 726 838 799 uolenti
859 726 1177 827 exemplare‘ipsas
1194 730 1279 800 scri-

217 840 339 949 pturas
350 847 464 918 etiam
481 846 558 917 sine
575 844 696 942 aliqua
711 846 1015 936 remuneratione,
1032 857 1071 916 et
1086 858 1278 918 ‘tencantur

217 963 445 1038 subscribere
482 965 681 1063 scripturas
712 962 759 1056 ab
794 964 884 1034 actis
918 964 973 1035 sui
1007 959 1109 1043 offitii
1149 987 1277 1045 creme

219 1082 343 1181 platus,
361 1083 469 1154 etiam
486 1084 515 1154 si
532 1081 578 1152 ab
605 1081 675 1152 alio
702 1083 778 1152 sint·
800 1080 1020 1180 exemplata,
1035 1095 1072 1154 et
1088 1094 1278 1174 teneantur

220 1225 344 1298 gerere
372 1196 655 1270 offitium'suum
682 1199 839 1294 benepet
863 1198 1050 1296 legaliter,
1075 1213 1113 1270 et
1138 1199 1279 1270 nullum

221 1317 367 1390 lucrum.
388 1317 446 1389 vel
471 1330 612 1389 anatum
638 1343 744 1389 causa
770 1341 838 1388 nec
864 1318 1054 1390 occasione
1077 1319 1138 1387 sui
1158 1315 1280 1410 offitii,

218 1436 278 1533 rel
304 1437 349 1508 dc
375 1435 643 1536 pertinentibus
670 1435 716 1507 ad
741 1437 904 1534 regimen
928 1433 986 1507 rel
1005 1432 1159 1506 offitium
1184 1437 1281 1534 potet

222 1556 323 1647 statis
357 1553 414 1626 vel
447 1556 501 1625 sui
534 1553 664 1625 iudicis
691 1556 746 1646 sui
772 1550 882 1624 officii
907 1550 1045 1646 lacere,
1067 1553 1117 1626 ¹(le
1149 1553 1280 1651 quibus

222 1685 413 1744 teneantur
438 1673 508 1770 ipsi
533 1673 665 1743 notarii
691 1685 852 1770 prestare
878 1673 1163 1742 sacramentum..
1213 1673 1219 1688 '

273 1789 443 1861 XXVIII.
465 1789 574 1888 Quod
591 1787 930 1888 notariiforasterii
947 1815 1017 1862 non
1035 1786 1187 1868 babeant
1199 1814 1281 1860 cou-

220 1907 397 1980 dictores.
1038 1935 1042 1948 ·

237 2045 240 2073 ¹
272 2024 415 2098 Notarii
449 2025 627 2098 forasterii
661 2025 799 2098 domini
828 2025 1103 2126 potestatisqvel
1129 2027 1282 2098 alicuius
1350 2055 1351 2060 ¹

223 2146 369 2216 alterius
394 2143 564 2216 habentis
582 2143 864 2216 iurisdictionem
882 2147 920 2217 in
938 2147 1082 2218 civitate
1099 2143 1156 2216 vel
1167 2145 1284 2216 comi-

224 2265 302 2334 tatu
313 2261 510 2334 Mediolani
524 2287 592 2334 nec
608 2261 735 2358 aliquis
754 2288 974 2334 eorumnon
991 2263 1283 2362 possint'habere
1396 2359 1398 2362 Ι

225 2381 365 2476 aliquos
392 2379 619 2451 coadiutores
646 2381 803 2451 notarios
829 2405 894 2452 nec
921 2380 1009 2452 alios
1036 2405 1103 2452 nec
1129 2380 1283 2478 aliquem

223 2500 403 2570 notarium
420 2523 487 2588 nec
504 2497 631 2588 aliurn,
649 2499 713 2596 qui
732 2501 806 2569 stet
823 2500 919 2570 intus
935 2500 1120 2572 'scanziam
1133 2502 1196 2594 3'et
1213 2495 1283 2568 boc

225 2617 292 2686 sub
306 2641 420 2716 penna
439 2628 477 2689 et
491 2617 612 2692 banno
630 2617 758 2706 iudici,
776 2616 843 2688 sub
861 2619 969 2688 cuius'
981 2618 1146 2687 examine
1164 2614 1284 2707 luerit,

226 2735 400 2806 librarum
419 2736 683 2834 quinquaginta
696 2735 937 2827 tertiolorum,
950 2748 988 2806 et
1001 2759 1068 2834 per·
1084 2747 1284 2830 sacrantem

224 2868 300 2942 tum
327 2851 647 2952 computandorum
674 2854 711 2922 in
736 2851 845 2924 feudo
864 2853 1000 2925 do'mini
1023 2855 1210 2951 potestatis
1229 2852 1284 2924 vet

220 2969 369 3050 'alterius
394 2971 521 3044 iudicis
548 2954 854 3060 contrafacientis3
881 2985 918 3042 et
944 2971 1105 3066 notarius
1125 2969 1189 3041 ¹vel
1216 2970 1284 3066 alia

224 3090 404 3190 persona,'
415 3091 479 3189 qui
504 3088 561 3160 vel
588 3115 659 3185 que
677 3101 789 3161 staret
806 3113 879 3188 pro*
894 3088 1106 3162 coadiutor'e
1118 3089 1174 3161 vel
1192 3091 1285 3173 intra

225 3210 404 3307 stringam,
422 3208 706 3305 condempnetur
728 3206 772 3297 in,
788 3206 901 3278 soldis
927 3209 1110 3308 sexaginta
1128 3206 1286 3279 tertiolo

224 3326 492 3426 rum‘qualibet
524 3314 622 3414 vicess
650 3339 687 3396 ct
714 3325 866 3422 quilibet
898 3328 1015 3424 possit
1052 3333 1222 3399 accusare
1244 3341 1286 3398 *et

226 3445 623 3518 habeat'medietatem.
970 3452 974 3512 ἶ
1044 3507 1047 3512 ,
1165 3451 1168 3456 ’
1222 3459 1225 3464 ·

274 3565 418 3636 XXIX.
440 3561 564 3660 'Quod
591 3567 728 3634 notorii
740 3560 937 3658 firrasterii
966 3563 1052 3635 dent
1084 3568 1285 3662 scripturus

125 3783 129 3790 ι
222 3682 399 3784 partibus.
526 3677 529 3684 ’
617 3769 618 3772 ¹
1040 3688 1044 3695 ’
1206 3686 1210 3694 ’
1272 3687 1276 3696 ’

277 3800 436 3873 Predicti
464 3803 594 3872 notarii
621 3827 686 3900 per
713 3801 1039 3874 sacramentumet
1065 3799 1144 3870 sub'
1165 3826 1284 3899 penna

225 3933 265 3993 et
289 3919 409 4014 banno
435 3919 607 3991 librarum
633 3919 757 3992 decern
777 3917 1003 3991 tertiolorum
1023 3917 1286 4017 proquolibet,

213 4049 264 4111 'et
277 4037 385 4110 iudici
396 4094 406 4129 ‚
421 4038 487 4109 sub
501 4039 600 4109 cuius
614 4039 774 4110 examine
789 4035 938 4127 luerint,
959 4037 1108 4108 totidem
1115 4051 1129 4129 ,’
1141 4051 1286 4109 tenean-

228 4169 286 4227 tur
303 4171 341 4228 et
367 4156 522 4228 debeant
538 4156 625 4226 dare
643 4157 852 4254 scripturas,
871 4180 939 4252 que
964 4152 1010 4227 de
1035 4157 1112 4228 iure
1135 4167 1287 4255 possunt

229 4287 268 4346 et
290 4273 425 4348 debent
451 4274 528 4345 dari
555 4273 735 4370 partibus,
762 4265 839 4370 ipsa
859 4272 920 4346 die
941 4286 1205 4372 quapetentur
1229 4272 1288 4347 vol
