3416 5054
423 344 492 412 its

415 459 760 558 condempnationes
775 470 812 528 et
828 453 949 529 debita
967 468 1004 528 et
1016 479 1128 556 penas
1140 509 1150 545 ,
1163 478 1245 554 ,que
1263 458 1302 526 in
1320 479 1474 529 comune

416 576 613 651 Mediolani
637 575 768 678 partim
794 591 831 646 et
856 576 893 646 in
921 571 1030 646 alium
1055 574 1110 645 vel
1136 574 1225 646 alios
1242 574 1373 673 partim
1391 597 1474 672 per-

415 697 538 767 venire
563 693 735 786 debeant,
761 706 799 766 et
818 691 916 764 illam
941 706 1106 794 partem,
1122 718 1195 792 que
1219 696 1256 764 in
1282 689 1393 763 aliurn
1419 689 1475 763 vel

415 812 502 886 alios
514 815 701 913 pervenire
714 810 876 902 deberet,
891 811 924 882 ei
937 810 992 883 vel
1006 813 1057 882 eis
1071 811 1150 883 dari
1166 809 1284 883 facere
1301 821 1475 881 teneatur.

467 929 631 1005 CLXXI.
659 930 768 1028 Quod
794 943 987 1002 exactores
1009 927 1167 1030 qualibet
1187 931 1388 1029 septimana
1414 927 1475 1002 de-

415 1049 523 1122 beant
547 1053 812 1122 examinarem
829 1051 1018 1144 corrigere
1043 1046 1156 1120 libros
1171 1051 1376 1120 ecc'actionis
1392 1075 1476 1121 cnm

415 1166 518 1240 libris
539 1165 807 1268 principalibus
833 1191 987 1238 contere.

467 1284 607 1359 Notarii
637 1286 798 1386 deputati
824 1286 949 1382 etqui
975 1283 1021 1356 de
1052 1298 1173 1357 cetero
1206 1282 1477 1384 deputabuntur

417 1403 532 1476 offitio
558 1404 748 1477 exactionis
774 1404 926 1503 pecunie
952 1404 1115 1473 comunis
1134 1401 1331 1475 Mediolani
1348 1427 1412 1476 seu
1429 1404 1476 1475 ad

416 1522 575 1621 aliquam
601 1525 838 1612 exactionem,
856 1546 929 1620 que
947 1518 1011 1592 fiat
1027 1545 1095 1620 pro
1113 1523 1259 1591 comuni
1276 1536 1312 1593 et
1328 1525 1476 1594 nornine

413 1644 579 1714 comunis
612 1641 824 1731 Mediolani,
857 1653 1049 1712 teneantur
1080 1655 1117 1710 et
1152 1638 1311 1712 debeant
1349 1642 1475 1714 saltem

417 1759 529 1834 semel
539 1761 710 1861 ‘qualibet
733 1762 933 1859 septimana
958 1759 1160 1829 examinare
1185 1754 1297 1828 libros
1320 1762 1480 1832 exactio-

418 1883 491 1970 nis,
518 1883 581 1976 qui
607 1877 685 1950 sibi
704 1879 779 1950 dati
805 1875 940 1948 fuerint
957 1875 1005 1948 ad
1020 1875 1253 1974 exigendum,
1273 1901 1355 1947 cum
1374 1877 1475 1950 libris

416 1997 675 2098 principalibus
701 2021 842 2068 camere
868 1995 1029 2066 comunis
1055 1994 1265 2086 Mediolani,
1288 2012 1326 2067 et
1350 2021 1476 2068 omnes

417 2142 509 2215 quos
534 2118 733 2188 invenerint
757 2114 906 2186 solvisse
923 2139 987 2185 seu
1006 2111 1220 2184 cancellatos
1241 2112 1350 2186 luisse
1368 2140 1477 2213 super

416 2235 505 2334 ipsis
531 2234 631 2306 libris
657 2259 798 2306 camere
832 2230 1044 2306 cancellarie
1052 2289 1062 2324 ,
1089 2230 1247 2304 debeant
1280 2231 1476 2304 canzellare

417 2367 454 2426 et
488 2351 691 2425 cannellent
729 2351 894 2424 similiter
932 2353 969 2421 in
1002 2352 1076 2421 suis
1110 2349 1235 2442 libris,
1277 2350 1344 2422 sub
1383 2353 1476 2451 pena

417 2470 590 2543 librarum
606 2470 732 2544 decem
747 2470 973 2542 tertiolorum
990 2467 1151 2568 qualibet
1168 2471 1244 2540 vice
1262 2494 1333 2568 qua
1352 2483 1476 2542 contra

418 2589 586 2681 fecerint,
612 2590 657 2662 ad
688 2615 797 2689 quam
827 2586 1090 2689 compellantur
1114 2589 1189 2658 sine
1214 2588 1283 2660 alia
1310 2589 1476 2662 condem-

416 2710 603 2807 pnatione3
631 2709 732 2782 cuius
757 2733 852 2808 pene
880 2707 1049 2781 medietas
1075 2708 1257 2806 perveniat
1280 2709 1317 2779 in
1334 2733 1475 2781 accusa-

419 2840 534 2901 torem
551 2854 616 2901 seu
633 2825 916 2918 notificatorem,
933 2840 971 2899 et
987 2825 1054 2898 alia
1072 2824 1247 2898 medietas
1268 2828 1305 2896 in
1323 2851 1475 2900 comune

417 2945 636 3040 Mediolani,
655 2960 692 3020 et
709 2945 801 3020 ultra
821 2959 986 3020 teneatur
1010 2943 1056 3016 ad
1081 2936 1255 3017 interesse
1281 2945 1475 3046 dampnum

417 3089 536 3166 passo.

468 3180 650 3256 CLXXII.
682 3186 737 3256 De
761 3187 907 3257 licentia
939 3182 1059 3256 danda
1086 3182 1202 3256 tribus
1227 3184 1272 3255 de
1298 3181 1414 3280 burgo
1440 3198 1474 3255 et

416 3301 556 3377 dracus
580 3302 624 3375 de
648 3308 728 3376 loco
754 3303 874 3376 standi
898 3318 933 3374 et
958 3303 1123 3376 morandi
1146 3308 1184 3375 in
1210 3305 1363 3376 civitate.

465 3421 630 3494 Potestas
657 3434 694 3495 et
719 3422 797 3492 eius
823 3420 957 3494 iudices
981 3422 1120 3521 possint
1146 3436 1183 3494 et
1208 3421 1367 3494 debeant
1391 3421 1476 3494 dare

415 3540 595 3615 licentiam
609 3541 724 3614 tribus
738 3540 942 3614 hominibus
957 3541 1151 3614 cuiuslibet
1163 3540 1268 3642 burgi
1282 3554 1321 3614 et
1332 3538 1475 3614 duobus

291 3758 295 3766 .
416 3658 606 3734 cuiuslibet
631 3660 720 3753 loci,
746 3658 845 3760 quod
871 3660 940 3758 ipsi
966 3661 1107 3760 possint
1133 3677 1172 3732 et
1197 3660 1352 3734 debeant
1380 3674 1475 3732 stare

416 3790 454 3850 et
472 3780 602 3850 morari
621 3781 657 3852 in
676 3780 822 3852 civitate
838 3778 1032 3850 Mediolani
1049 3804 1117 3878 pro
1135 3778 1287 3880 negotiis
1305 3793 1343 3851 et
1358 3779 1475 3850 causis

415 3894 612 3994 burgorum
638 3911 675 3970 et
699 3897 862 3970 locorum
889 3921 1053 3990 suorum3
1081 3898 1129 3969 ita
1156 3897 1256 3996 quod
1282 3897 1476 3970 occaxione

417 4014 563 4086 alicuius
589 4014 701 4088 debiti
726 4015 861 4115 publici
887 4015 943 4087 vel
969 4017 1113 4114 privati,
1132 4014 1268 4114 dequo
1290 4027 1474 4088 teneretur

414 4158 568 4205 comune
594 4131 700 4232 burgi
725 4133 781 4204 vel
806 4134 876 4206 loci
908 4137 962 4206 sui
971 4189 982 4226 ,
1014 4161 1087 4208 non
1123 4136 1263 4234 possint
1293 4135 1374 4234 capi
1407 4157 1474 4205 nec
