3416 5054
1257 343 1269 409 l
1281 341 1327 413 07

269 449 359 522 libet
383 463 545 523 teneatur
571 442 618 521 ad
644 451 860 524 solutionem
882 451 999 523 salarii
1025 455 1275 548 anzianorum,
1305 459 1334 528 si

270 568 370 668 quod
395 579 580 668 prestatur
598 568 635 638 in
652 569 843 666 parrochia
868 569 905 639 in
930 595 1001 668 qua
1018 570 1182 644 habitant
1205 587 1242 646 et
1259 599 1333 646 non

270 685 374 778 alibi,
401 686 599 758 secundum
616 687 711 758 vires
737 691 851 760 averis
869 701 906 760 et
925 713 1179 788 personarum,
1198 691 1334 765 scilicet

271 805 358 878 duas
389 817 512 902 partes
546 829 613 904 pro
639 830 745 877 avere
771 819 810 878 et
836 809 976 878 tertiam
1006 832 1075 906 pro
1100 834 1272 907 persona3
1299 825 1335 882 et

269 924 365 997 salvo
392 922 491 1021 quod
517 949 590 994 uon
617 926 756 1022 possint
781 925 868 996 dare
893 951 960 1023 pro
987 929 1137 999 anziano
1163 928 1335 1026 aliquem,

272 1045 336 1140 qui
362 1068 407 1116 eo
434 1055 598 1140 tempore
625 1044 886 1142 consignaverit
912 1069 1047 1143 equum
1074 1049 1239 1140 comuni,
1266 1073 1335 1120 nec

273 1161 431 1258 aliquem
449 1161 620 1232 maiorem
636 1162 739 1232 annis
755 1164 949 1260 sexaginta,
962 1186 1030 1233 nec
1043 1165 1220 1236 minorem
1235 1168 1336 1237 annis

271 1281 479 1378 viginti,nec
489 1277 950 1374 aliquemconlanonerium
960 1282 1121 1352 comunis
1129 1282 1336 1357 Mediolani.

320 1396 422 1468 Idem
437 1421 504 1493 per
523 1397 642 1467 omnia
660 1410 823 1469 servetur
842 1399 878 1469 iu
897 1398 1169 1471 coadiutoribus
1177 1457 1188 1492 ,
1206 1403 1236 1472 si
1253 1427 1338 1473 con-

271 1517 417 1614 tingerit
442 1515 530 1587 dari.

321 1632 481 1704 CXLVI.
506 1632 563 1703 De
584 1638 788 1732 privilegiis
804 1640 1051 1707 casianorum,
1060 1635 1334 1735 parochiarum.

322 1751 470 1822 Anziani
495 1749 768 1849 parrochiarum
788 1777 855 1822 nec
873 1777 1001 1824 eorum
1020 1753 1251 1827 fideiussores
1268 1779 1337 1826 nec

272 1868 501 1942 coadiutores
526 1871 762 1968 nonpossint
783 1896 851 1943 nec
876 1870 1033 1945 debeant
1059 1875 1143 1972 capi
1167 1897 1339 1973 persona-

273 1988 356 2060 liter
366 2015 434 2090 pro
451 1987 612 2060 manebis
630 1989 688 2061 vel
703 1988 914 2062 malextunis
929 1990 986 2064 vel
1003 1993 1124 2090 aliquo
1142 1992 1213 2064 alio
1230 2017 1338 2064 onere

272 2107 329 2180 vel
342 2106 465 2194 debito
481 2109 654 2207 impoxito
667 2109 797 2180 vicinie
808 2109 865 2180 vel
878 2111 1080 2182 imminenti
1097 2113 1234 2203 vicinis,
1249 2111 1339 2184 dum

272 2237 392 2296 tamen
417 2224 504 2296 dicti
521 2227 659 2296 anziani
677 2227 795 2324 parati
813 2229 886 2298 sint
902 2226 1064 2300 indicare
1081 2228 1190 2299 iudici
1209 2242 1246 2300 et
1264 2229 1337 2300 eius

273 2337 404 2414 familie
429 2340 603 2414 debentes
630 2356 666 2415 et
691 2367 816 2414 eorum
841 2343 955 2436 hona,
982 2346 1012 2416 si
1038 2345 1100 2442 qui
1126 2342 1184 2417 vel
1210 2345 1240 2416 si
1266 2369 1338 2444 qua

273 2465 513 2563 reperiantur,
531 2476 569 2537 et
585 2489 667 2535 eum
684 2464 857 2536 assotieut
869 2465 925 2538 vel
943 2469 1121 2538 associare
1132 2469 1249 2565 parati
1267 2469 1338 2539 sint

272 2581 319 2654 ad
346 2581 473 2688 dpmos
498 2583 556 2653 vel
582 2580 628 2654 ad
650 2584 744 2654 bona
770 2597 806 2654 et
826 2609 1000 2683 personas
1027 2610 1167 2676 eorum,
1187 2611 1259 2684 que
1279 2586 1337 2657 ha·

273 2699 419 2793 herent,
447 2702 478 2771 si
495 2727 567 2798 qua
591 2699 749 2774 habeant
774 2727 846 2799 que
865 2715 1030 2804 oportet,
1057 2729 1129 2775 nou
1156 2705 1274 2774 solum
1301 2705 1339 2773 in

274 2816 416 2890 casibus
442 2845 534 2917 quos
559 2818 718 2891 futurum
747 2832 888 2920 tempus
914 2823 1106 2912 creaverit,
1127 2820 1192 2892 sed
1217 2821 1337 2892 adhuc

263 2937 312 3007 -in
336 2937 581 3036 pendentibus
613 2951 650 3009 et
684 2935 838 3010 iuditiali
878 2939 1032 3010 termino
1066 2939 1126 3012 vel
1160 2937 1335 3010 amicabili

273 3057 567 3154 compositione*
592 3055 727 3130 nedum
755 3057 882 3156 sopitis
908 3054 1084 3129 obtinere.

323 3174 501 3247 CXLVII.
528 3175 586 3246 Dc
610 3175 743 3247 eodem.

275 3347 280 3352 -
321 3295 471 3367 Anziani
504 3293 774 3393 parrochiarum
809 3292 1003 3366 Mediolani
1038 3319 1111 3365 non
1147 3305 1334 3365 teneantur

273 3414 324 3485 ire
341 3413 387 3484 ad
404 3412 558 3510 aliquem
575 3414 773 3484 exercitum
786 3437 855 3483 nec
868 3411 1033 3484 andatam
1046 3438 1115 3484 nec
1128 3410 1334 3503 cernedam,

274 3532 344 3601 nisi
368 3556 462 3603 unus
488 3555 555 3629 pro
581 3530 742 3628 qualibet
757 3530 965 3629 parrochia,
986 3548 1023 3602 et
1049 3532 1078 3600 si
1103 3528 1234 3600 fuerint
1259 3527 1334 3600 duo

274 3647 329 3718 vel
361 3649 480 3745 plures
511 3649 646 3718 anziani
677 3650 712 3719 in
748 3674 818 3720 una
856 3647 1069 3747 parrochia,
1107 3647 1207 3746 quod
1240 3671 1335 3718 unus

275 3789 402 3837 eorum
429 3765 585 3838 sortibus
612 3769 707 3839 inter
732 3791 795 3839 eos
820 3767 991 3866 proiectis
1018 3764 1149 3838 habeat
1172 3765 1243 3836 hoc
1269 3765 1333 3836 be·

274 3882 619 3974 nefitiun1‚etnon
650 3884 753 3985 plus,
780 3885 849 3955 nisi
875 3907 919 3955 eo
947 3898 1110 3982 tempore
1144 3886 1332 3982 consigna·

274 4004 366 4074 verit
391 4028 526 4100 equum
554 4004 699 4074 comuni
725 4001 929 4082 Mediolani.

275 4158 293 4202 t
322 4174 334 4197 ι
350 4150 534 4221 compositore
553 4175 563 4198 a
587 4152 667 4220 (Cod.
686 4155 714 4206 B.
737 4155 785 4214 19).
