3386 5122
1256 470 1303 550 25

242 570 440 666 Mediolani
475 597 511 655 ot
540 575 743 675 hereticos,
778 583 1067 681 quibuscumque
1100 587 1306 662 nominibus

241 717 473 792 consumtum
500 715 539 774 et
564 701 664 800 quod
691 701 748 772 bis
775 703 814 773 in
840 699 900 774 dio
925 701 980 774 vel
1008 697 1108 774 horis
1125 699 1307 804 deputatis

242 817 304 890 lbo
339 817 386 892 ad
416 817 579 892 tribunal
609 820 848 892 constitutum
878 820 915 889 in
941 819 1092 921 pallatio
1126 843 1194 922 pro
1228 823 1309 899 iuro
1392 879 1393 882 ,

241 933 425 1030 rodendo,
444 939 512 1011 nisi
538 950 674 1011 stetero
693 959 763 1038 pro
782 935 968 1040 republica
990 937 1048 1011 vel
1072 941 1169 1012 iusto
1194 939 1309 1043 impo-

241 1055 419 1145 ‹limon103
440 1071 478 1130 et
504 1056 603 1155 quod
630 1059 737 1128 etiam
763 1055 825 1127 ibo
853 1055 899 1127 ad
925 1079 1051 1128 omnes
1077 1073 1113 1131 et
1137 1060 1307 1159 singulius

239 1173 445 1248 oblationes
474 1175 660 1248 ordinatas
686 1187 725 1246 et
748 1195 820 1272 qno
853 1172 1121 1261 ordinabuntur
1146 1199 1213 1276 pol·
1239 1177 1307 1250 do·

241 1293 379 1365 minum
393 1315 456 1366 sou
477 1318 630 1366 comune
646 1293 862 1385 Mediolani,
876 1295 944 1366 nisi
962 1305 1098 1366 stetero
1116 1295 1307 1393 impeditus

240 1423 433 1510 utsupra,
461 1425 498 1484 ot
522 1411 618 1484 dabo
646 1431 793 1510 operam
817 1433 902 1482 cnm
933 1410 1066 1484 ellectu
1093 1425 1130 1484 et
1155 1412 1306 1507 curabo,

240 1523 340 1625 qnod
364 1530 503 1602 iudices
528 1541 566 1602 at
592 1529 722 1601 notarii
749 1529 821 1600 mei
846 1525 953 1600 ibunt
969 1523 1026 1602 bis
1053 1529 1091 1600 in
1115 1528 1195 1621 die,
1210 1530 1308 1602 vido-

241 1643 329 1718 licet
353 1649 390 1719 in
416 1669 522 1720 mane
547 1660 586 1720 et
610 1660 694 1747 post
717 1667 856 1740 nonas,
882 1647 927 1718 ad
953 1645 1035 1718 loca
1061 1649 1111 1718 ais
1136 1647 1307 1748 deputata

143 1821 145 1825 s
240 1779 309 1862 pro
333 1763 410 1837 suis
436 1765 558 1838 offitiis
584 1760 780 1856 faciendis,
808 1765 878 1835 nisi
903 1766 1074 1836 steterint
1097 1786 1305 1873 provi-apu-

238 1881 336 1954 blica
360 1883 418 1956 vel
444 1883 515 1954 alia
540 1885 633 1954 iusta
658 1905 786 1974 causa3
805 1895 842 1954 et
859 1881 958 1980 quod
976 1882 1081 1955 ibunt
1107 1884 1153 1956 ad
1180 1905 1307 1957 omnes

238 2014 279 2074 ot
302 2002 472 2102 singullas
497 2001 702 2074 oblationes
728 2015 769 2073 nt
794 2025 923 2102 supra,
949 2003 1019 2072 nisi
1052 2005 1219 2075 steterint
1242 2004 1313 2075 im·-

239 2121 355 2220 p'editi
371 2133 412 2192 ut
430 2143 555 2220 supra3
574 2132 613 2192 et
630 2119 731 2218 qnod
749 2122 855 2192 stabo
874 2141 957 2191 cum
981 2131 1058 2192 tota
1076 2141 1157 2194 mea
1173 2117 1306 2194 familia

238 2236 287 2310 ad
302 2239 539 2329 sindieatum,
557 2239 755 2311 secundum
772 2237 874 2338 quod
891 2239 929 2310 in
946 2241 1087 2311 statutis
1105 2241 1306 2312 communis

240 2355 435 2430 Mediolani
453 2358 678 2446 continetur3
700 2370 737 2430 et
758 2356 939 2446 satisdabo
955 2376 1024 2456 per
1047 2353 1141 2430 duos'
1164 2378 1305 2432 mensos

240 2490 324 2549 anto
349 2479 484 2548 exitum
511 2477 579 2547 mei
605 2475 788 2574 regiminis
806 2477 843 2546 in
861 2475 1032 2548 conscilio
1058 2478 1195 2576 mayoli
1221 2496 1304 2546 cum

238 2595 342 2668 bonis
369 2589 645 2667 fideiussoribus
662 2615 730 2692 pro
748 2615 807 2670 me
824 2607 862 2666 et
878 2593 1045 2666 universa
1072 2610 1153 2666 'mea
1169 2593 1305 2664 familia
1372 2633 1374 2638 ,

135 2713 137 2722 ’
237 2705 468 2786 inmanibus
504 2713 737 2784 dominorum
769 2735 830 2784 sex
858 2713 904 2785 de
930 2711 1091 2785 satiando
1124 2711 1303 2786 rationem

240 2834 310 2904 mei
328 2829 447 2923 offitii,
460 2843 497 2902 et
509 2827 555 2903 de
572 2829 704 2901 stando
721 2830 767 2901 ad
786 2830 1003 2902 sindicatum
1017 2844 1053 2902 ot
1066 2832 1113 2904 de
1127 2830 1303 2903 solvendo

237 2962 275 3022 et
299 2948 390 3021 solvi
415 2927 583 3020 saciando
601 2959 719 3018 totum
737 2947 789 3041 id,
806 2950 908 3046 quod
933 2971 1002 3048 ego
1028 2949 1085 3020 vel
1110 2945 1239 3046 aliquis
1255 2949 1303 3022 de

238 3092 316 3140 mea
341 3067 475 3141 familia
493 3065 749 3165 condempnati
768 3065 961 3159 fuerimus,
979 3066 1086 3139 salvis
1110 3087 1249 3168 sempor
1266 3081 1302 3142 ot

237 3188 428 3260 reservatis
452 3183 632 3258 mandatis
658 3182 790 3282 prelati
806 3183 971 3279 domini,
997 3198 1038 3257 ut
1062 3207 1183 3288 supra.

287 3305 425 3380 XXVI.
451 3299 508 3377 De
531 3316 758 3376 sacramento
771 3296 936 3406 fiamillie
958 3303 1098 3377 domini
1113 3311 1301 3406 potestatis

237 3423 441 3498 Mediolani
457 3429 484 3495 l.

286 3542 370 3614 Iuro
388 3567 456 3642 ogo
470 3540 514 3612 N.
530 3541 637 3615 iudex
650 3555 689 3617 et
700 3567 767 3643 ego
781 3537 825 3612 N.
841 3543 942 3616 miles
956 3565 1020 3616 seu
1033 3544 1146 3614 sotius
1159 3540 1300 3613 domini

236 3662 425 3759 potestatis
452 3661 496 3731 ad
523 3673 645 3734 sancta
671 3662 738 3734 Dei
763 3660 964 3759 evangelia,
991 3658 1090 3757 quod
1115 3658 1299 3734 attendam

234 3790 274 3848 ot
298 3773 500 3850 observabo
528 3792 659 3853 statuta
676 3793 715 3852 et
729 3773 978 3852 ordinamenta
999 3790 1038 3848 ot
1059 3775 1300 3850 rollormatio-

234 3907 362 3968 nasot
387 3897 666 3970 consuetudines
693 3898 894 3969 communis
922 3890 1117 3968 Mediolani
1143 3895 1236 3968 lacta
1261 3911 1300 3969 ot

226 4011 398 4086 ¹facienda
422 4028 461 4086 ot
485 4014 598 4087 lactas
615 4013 869 4105 alliciendas,
888 4030 924 4084 et
940 4013 1035 4086 dabo
1053 4035 1197 4114 operam
1216 4035 1296 4087 cnm

237 4285 255 4331 ι
281 4285 337 4337 lton
354 4285 484 4339 statutam
503 4287 530 4354 et
547 4285 602 4340 ouo
619 4275 766 4356 soqumlia
783 4281 977 4340 desiderantur
993 4279 1024 4340 in
1042 4283 1110 4340 cod.
1129 4287 1159 4338 Β.
1177 4286 1217 4339 19.

1237 4401 1254 4452 3
