3338 5042
403 273 476 342 l'll

399 400 434 456 et
460 385 659 485 iniquitatis
695 385 930 456 abhorrentes
964 385 1065 454 uncti
1092 397 1179 456 sunt
1203 385 1285 458 oleo
1319 387 1475 458 iusticie-

398 527 464 602 pre
479 503 708 574 consortibus
723 504 808 595 suis,
821 514 1084 601 sperantesque
1096 515 1290 600 propterea
1309 489 1470 577 indubie

397 620 576 722 prefatum
604 619 835 719 magnificum
862 621 959 692 dom.
988 619 1083 689 dom.
1103 617 1302 692 Iohannem
1328 620 1468 692 Galeaz

399 740 568 810 comitem
593 738 782 809 Virtutum
808 751 876 809 etc.
894 750 1119 836 oeterosque
1137 736 1402 812 descendentes
1421 763 1470 808 ex

399 858 476 928 iure
503 855 724 928 hereditario
750 855 909 953 quodam
935 869 970 926 et
994 857 1101 954 quasi
1126 855 1282 928 naturali
1308 869 1376 928 etc.
1404 863 1469 950 (ut

400 982 437 1044 in
457 973 690 1074 praecedenti
714 977 984 1063 constitutione,
1011 977 1155 1044 mutatis
1180 987 1319 1046 tontum
1344 979 1465 1046 nomi-

400 1089 540 1183 nibus).
607 1167 613 1180 ,
680 1087 683 1092 ’
1073 1083 1077 1090 ’

452 1207 627 1278 CCLXX.
643 1205 815 1278 Dominus
829 1205 905 1278 vult
917 1220 956 1282 et
967 1207 1124 1298 mandat,
1133 1206 1233 1305 quod
1245 1209 1344 1280 omni
1355 1233 1463 1300 anne,

403 1338 531 1422 quarta
557 1324 739 1397 dominica
762 1327 896 1396 mensis
922 1327 1005 1397 maii
1023 1349 1138 1423 usque
1165 1327 1465 1426 inperpetuum,

402 1443 449 1514 ad
466 1443 644 1515 honorem
671 1455 709 1513 et
727 1443 963 1514 reverentiam
980 1442 1085 1516 beate
1103 1444 1251 1543 virginis
1270 1437 1383 1516 Mario
1399 1441 1466 1516 fiat

403 1585 476 1632 una
495 1559 632 1650 oblatio
659 1561 705 1632 ad
729 1561 904 1660 capellam
920 1573 1043 1632 sancte
1061 1562 1174 1634 Mario
1201 1561 1252 1633 de·
1274 1561 1308 1633 la
1327 1563 1464 1634 Miseri·

404 1679 528 1752 cordia
544 1680 657 1750 'sitam
684 1680 722 1750 in
748 1679 900 1752 ecclesia
926 1692 1050 1750 sancte
1076 1675 1190 1750 Marie
1222 1679 1268 1751 de
1298 1680 1465 1753 Carmelo

402 1799 620 1890 Mediolani,
654 1797 702 1868 ad
735 1822 844 1894 quam
879 1797 1100 1871 oblationem
1134 1799 1270 1872 vadant
1300 1793 1463 1900 potestas

403 1915 615 2007 Mediolani,
632 1916 784 1987 vicarius
802 1928 840 1987 et
855 1915 1048 1988 duodecim
1074 1920 1326 2013 provisionum
1348 1933 1385 1991 et
1403 1919 1462 1992 alii

405 2033 572 2106 offitiales
598 2033 732 2125 ellecti,
755 2047 792 2104 et
820 2033 872 2105 illi
890 2035 1155 2133 paratichorum
1181 2035 1399 2128 Mediolani,
1417 2063 1464 2110 eo

403 2151 513 2224 modo
540 2177 613 2249 quo
640 2151 734 2222 facta
760 2150 827 2224 luit
849 2152 910 2223 die
928 2149 1131 2244 dominico,
1157 2156 1340 2253 vigesimo·
1356 2159 1464 2228 tertio

402 2272 580 2372 presentis
606 2272 754 2361 mensis3
781 2295 853 2369 que
880 2269 1015 2342 oblatio
1042 2268 1108 2341 fiat
1133 2271 1271 2369 absque
1296 2261 1463 2372 expensis

403 2391 567 2462 comunis
579 2387 796 2479 Mediolani,
815 2389 970 2486 exceptis
992 2392 1154 2488 expensis
1174 2391 1461 2482 cerotecharum,

403 2533 476 2606 que
501 2507 633 2578 dantur
657 2504 886 2578 tubatoribus
904 2521 941 2578 et
959 2507 1192 2578 servitoribus
1218 2520 1384 2608 tempore
1410 2524 1463 2581 ta-

404 2627 493 2697 lium
520 2623 759 2715 oblationum,
778 2637 815 2696 et
839 2617 996 2724 ponatur
1020 2617 1229 2698 huiusmodi
1254 2628 1463 2700 mandatum
1572 2621 1574 2625 ¹

405 2745 444 2814 in
475 2744 635 2843 registris
667 2755 704 2814 et
736 2739 916 2816 volumine
948 2735 1161 2817 statutorum
1196 2747 1360 2817 comunis
1374 2733 1464 2818 Me·

407 2859 553 2932 dmbm.

745 2979 947 3053 Vescuntus
973 2981 1020 3055 de
1046 2980 1216 3082 Corpello
1241 2982 1464 3082 subscripsit.
