3386 5122
409 198 457 266 et

404 311 604 410 regiminis,
623 324 660 384 et
684 311 728 387 de
743 311 975 392 :restituendo
991 323 1117 384 ‚totum
1137 312 1190 405 id,
1208 314 1251 384 iu'
1266 340 1341 412 quo
1357 312 1487 388 luerit

362 511 363 514 Ἴ
404 429 690 531 condempnatus
717 431 796 528 ipse
821 428 877 503 vel
900 429 1032 526 aliquis
1058 430 1105 502 de
1128 455 1191 502 sua
1223 431 1395 524 famule,
1427 457 1489 516 se·

404 549 562 623 cundum
587 547 739 620 formam
766 559 983 621 statutorum
1009 551 1210 640 communis
1227 549 1457 622 Mediolani.

455 665 571 744 XLII.
610 667 664 738 De
688 665 919 742 satisdatione
943 663 1147 768 <finalium
1165 661 1485 767 finnst‘eriorum.

344 833 351 840 -·
454 783 614 860 Similem
652 783 923 856 satisdationem
957 783 1076 858 faeere
1115 797 1280 857 teneatur
1314 786 1488 883 quilibet

376 989 378 996 Α
404 902 504 980 alius,
522 899 683 980 offitialis
701 903 865 977 comunis
883 900 1084 978 Mediolani
1096 902 1331 976 ‚forastenus··
1342 929 1485 976 coram

404 1017 686 1098 §judicatoribus
719 1045 816 1094 cum.
837 1020 942 1092 bonis
965 1017 1272 1112 fideiussoribus,
1298 1022 1362 1118 qui
1389 1047 1482 1096 ¹non

405 1137 479 1211 sint
504 1136 558 1210 de·
577 1134 805 1233 magnatibus
829 1137 1029 1211 eommunis
1056 1135 1261 1210 Mediolani.
1310 1177 1312 1185 ι
1374 1150 1377 1158 ’

455 1253 592 1325 XLIII.
622 1251 731 1349 Quod
754 1259 876 1327 nullus
905 1254 1180 1328 mediolanensis
1204 1259 1251 1326 sit
1275 1255 1482 1328 advocatus

405 1379 466 1446 ael
476 1387 702 1473 procurator
717 1377 906 1473 potestatis
922 1398 988 1446 nec
1005 1377 1158 1448 atterius
1176 1379 1193 1422 Α
1210 1372 1369 1474 officialis
1386 1389 1482 1446 tem-

399 1509 494 1592 pore
519 1492 717 1566 „vindicatus
743 1517 881 1570 eorum.
1398 1502 1402 1512 '

407 1651 411 1661 ,
453 1609 582 1689 Nullus
609 1610 764 1684 civitatis
788 1610 848 1684 vel
874 1612 1066 1700 comitatus
1085 1608 1280 1682 Mediolani
1300 1613 1345 1682 sit
1361 1612 1480 1684 advo·

403 1742 503 1802 catus
529 1728 589 1800 vel
614 1742 831 1828 procurator
847 1730 1038 1827 potestatis
1055 1753 1119 1800 nec
1142 1730 1219 1802 eius
1237 1728 1480 1822 familianec

403 1845 554 1921 alicuius
582 1872 723 1938 eorum,
740 1871 807 1920 uec
833 1846 982 1922 alicuius
1007 1845 1153 1920 alterius
1171 1844 1335 1946 offitialis
1361 1848 1477 1920 sindi÷

406 1964 513 2038 candi
540 1966 576 2035 in
593 1966 720 2039 tausis
742 1963 962 2055 uindicatus,
978 1976 1016 2036 et
1034 1965 1135 2061 quod
1160 1965 1289 2064 aliquis
1311 1988 1388 2038 nun
1406 1990 1474 2036 au-

404 2084 491 2156 deat
516 2108 583 2155 nec
610 2095 798 2184 presumat
822 2084 875 2154 ire
901 2083 957 2154 vel
983 2094 1078 2154 stare
1095 2107 1176 2156 cum
1195 2086 1247 2154 eis
1266 2083 1324 2156 vel
1343 2084 1472 2181 aliquo

405 2229 532 2287 eorum
560 2223 683 2276 coram
715 2199 999 2273 sindicatoribus
1024 2227 1093 2301 pro
1123 2201 1303 2276 faciendo*
1322 2204 1473 2275 iniurias

403 2321 461 2394 vel
486 2321 601 2393 minas
628 2320 736 2391 alicui
763 2321 1002 2418 conquerenti
1018 2319 1064 2392 de
1082 2321 1169 2420 ipsis
1189 2320 1247 2394 vel
1274 2320 1321 2394 de
1346 2321 1487 2420 aliquo'

404 2465 552 2532 eorum,
580 2465 646 2510 nec
673 2439 822 2538 aliquod
852 2437 1149 2536 impedimentum
1179 2451 1343 2537 prestare
1368 2455 1471 2537 q'uo-

404 2560 522 2632 minus
550 2557 586 2628 in
611 2557 721 2630 dictis
738 2557 865 2634 ,causis
892 2556 1118 2654 procedatur.
1145 2558 1194 2628 Et
1220 2559 1354 2656 siquis
1381 2583 1469 2630 cou-

405 2672 605 2766 tralucent,
623 2674 915 2773 condempnetur
932 2675 967 2744 in
986 2672 1089 2749 libris
1107 2674 1470 2773 quinquagintater·

404 2791 572 2896 tiolornm
599 2792 763 2890 qualibet
788 2793 887 2884 vice,
913 2806 954 2870 et
976 2803 1102 2892 super
1111 2793 1285 2892 predictis
1304 2807 1472 2869 teneatur

348 2905 349 2910 ἵ
403 2924 559 3011 potestas
586 2913 771 3010 inquirere
796 2924 833 2984 et
858 2914 987 3010 punine
1014 2932 1079 2985 suo
1107 2909 1260 3014 offitio*
1292 2948 1307 2961 ¹·
1389 2920 1393 2929 '

403 3085 408 3091 ·
456 3030 592 3104 Xle:
616 3033 673 3110 De
697 3029 991 3129 syndic'ntoribus
1016 3029 1214 3126 elligendis.

455 3147 572 3219 Finito
591 3149 763 3248 regimine
779 3147 1178 3247 potestatis‚‘eligantur
1192 3159 1261 3247 per
1278 3149 1466 3222 dominum

405 3267 601 3342 Mediolani
628 3291 691 3339 seu
707 3292 774 3366 per
790 3263 957 3340 offitiales
983 3268 1236 3366 provixionum
1261 3269 1381 3368 primo
1408 3267 1466 3339 die

403 3385 461 3462 vel
486 3387 651 3484 sequenti
677 3399 763 3484 post
789 3382 929 3457 finitum
954 3387 1117 3484 regimen
1145 3411 1208 3458 sex
1234 3386 1376 3486 providi
1402 3387 1467 3458 viri

404 3505 626 3595 et'discreti5
653 3529 810 3602 quorum
841 3503 914 3574 duo
947 3505 1020 3576 sint
1044 3504 1271 3602 decollegio
1303 3504 1467 3580 iudicum

403 3621 618 3716 Mediolani,
637 3623 699 3702 alii
715 3649 801 3695 vero
822 3623 898 3695 duo
912 3622 1004 3722 layo-i
1025 3636 1066 3698 et
1088 3623 1162 3694 duo
1179 3625 1380 3714 notarii-et
1394 3623 1467 3696 duo

401 3741 607 3833 servitores,
625 3743 689 3839 qui
706 3766 766 3815 sex
780 3741 1013 3841 appellentur
1026 3741 1266 3816 sindicatores
1279 3741 1467 3842 potestatis

403 4007 627 4063 restiturus„
648 4009 776 4078 (cous.
796 3993 926 4078 n).'·'
987 3989 991 3998 ’
1071 4019 1074 4030 ·
1199 4003 1201 4010 ’
1272 3987 1274 3994 ’
