3338 5042
380 351 556 550 ddtbnis
523 471 756 576 ‚inquilinis
751 495 816 544 seu
835 459 1054 547 notabilibus
1072 465 1216 542 illitis
1182 473 1271 542 eriis
1286 465 1342 542 tet
1357 493 1449 546 con

379 591 493 665 tadini
513 611 588 663 non
605 603 797 666 teneantur
817 585 866 662 ad
891 590 1027 691 aliquas
1044 589 1287 688 predictarum
1301 595 1449 700 espen-⁶²

380 731 521 799 sarum3
548 720 584 780 et
609 708 762 805 quilibet
788 705 968 779 iusdieens
987 715 1171 780 teneatur
1176 721 1231 784 at
1239 705 1374 779 debeat
1359 715 1446 781 tex

379 854 445 900 suo
472 825 588 900 offitio
615 826 660 898 de
686 827 860 927 predictis
878 838 916 896 et
933 810 1099 936 quolibet
1122 809 1399 935 prediotdrom
1384 850 1443 897 ιιι

380 947 523 1060 quirero
545 955 586 1016 et
611 943 724 1018 dietas
750 969 862 1044 penas
887 945 1051 1041 exigere,
1074 956 1113 1015 et
1135 940 1337 1040 quemlibet
1360 969 1441 1048 pre·

313 1069 314 1074 ’
380 1053 560 1136 dictorum
601 1061 819 1160 compellere
854 1061 903 1132 ad
938 1061 1160 1140 solutionem
1195 1061 1446 1163 predictarum

378 1204 553 1282 penarum
579 1177 775 1258 feriendam
798 1181 998 1252 canevariis
1022 1181 1188 1253 comunis
1215 1181 1439 1270 Mediolani3

381 1299 479 1372 salvo
513 1297 612 1397 quod
644 1297 797 1397 quilibet
826 1299 888 1395 qui
915 1299 1137 1370 accusaverit
1166 1283 1230 1370 rel
1248 1297 1443 1370 denuntia·

336 1401 338 1403 ¹
379 1417 472 1490 verit
480 1419 626 1520 ‚possit
644 1413 778 1488 habere
801 1415 1032 1524 medietatem
1057 1399 1232 1488 dictarum
1250 1423 1438 1532 penarum.

422 1521 610 1608 CCXXV.
637 1534 694 1606 De
716 1533 850 1606 cedern.
1390 1540 1394 1560 ‘

417 1653 537 1729 Nulla
562 1653 774 1730 universitas
792 1651 970 1725 nobilium
988 1652 1098 1724 vel
1061 1635 1285 1728 vicinorum
1283 1631 1464 1725 altadus

378 1774 487 1873 burgi
510 1771 568 1845 vel
595 1771 668 1843 loci
694 1771 750 1842 vol
777 1771 925 1846 alterius
950 1772 1105 1844 civitatis
1125 1776 1146 1818 ³
1172 1770 1356 1842 districtus
1379 1797 1442 1843 oo-

379 1892 498 1963 munis
532 1889 752 1979 Mediolanit
775 1889 836 1960 vel
863 1889 994 1988 aliquis
1021 1913 1146 1962 eorum
1173 1901 1340 1996 potestas
1377 1915 1441 1964 seu

379 2007 539 2082 offitialis
565 2004 696 2078 audeat
710 2033 780 2080 neo
797 1995 980 2108 presumat
994 2031 1066 2078 neo
1080 2009 1198 2106 possit
1214 2032 1283 2079 nec
1306 2007 1442 2080 debeat

378 2130 564 2226 imponere
583 2125 731 2223 aliquod
752 2123 870 2198 honus
888 2151 956 2196 nec
970 2123 1108 2196 datium
1121 2149 1191 2197 nee
1204 2125 1317 2200 taleas
1334 2125 1441 2198 alicui

379 2246 511 2318 colono
542 2243 600 2318 vel
628 2244 808 2343 inquilino
836 2269 901 2316 seu
926 2247 1099 2316 massario
1121 2244 1177 2316 vel
1201 2242 1356 2318 fietabili·
1376 2243 1440 2316 ali-

379 2365 482 2437 euius
504 2360 645 2438 domiai
671 2383 737 2434 nec
762 2361 957 2436 heredibus
974 2364 1066 2452 suis,
1084 2385 1151 2433 neo
1163 2363 1358 2443 ‘molestare
1375 2387 1444 2434 nec

376 2484 569 2582 pignerare
603 2480 763 2578 aliquem
797 2481 1009 2550 massarium
1039 2479 1098 2552 vel
1129 2480 1347 2579 inquilinum
1385 2478 1444 2552 vel

378 2597 575 2673 lictabilem
600 2621 668 2697 pro
690 2595 842 2668 domino
869 2623 953 2689 suo,
978 2623 1047 2669 neo
1073 2621 1183 2697 penas
1192 2654 1203 2690 ,
1233 2611 1302 2671 nee'
1324 2597 1441 2674 banna

380 2721 567 2817 imponere
592 2716 646 2788 illi
673 2719 847 2789 massario
863 2715 920 2790 vel
937 2715 1117 2814 inquilino
1130 2715 1189 2788 vel
1207 2714 1357 2793 fiotabili
1375 2741 1442 2826 pro

381 2835 525 2909 domino
552 2859 637 2928 suo,
665 2859 732 2908 uec
759 2833 876 2908 faeere
902 2833 956 2907 illi
987 2837 1159 2908 massario
1184 2833 1239 2908 vel
1266 2831 1442 2934 inquilino

380 2953 438 3028 vel
456 2951 675 3032 laetabilibus
693 2979 760 3088 pro
778 2955 926 3027 domino
944 2980 1026 3046 suo,
1048 2977 1113 3026 nac
1126 2955 1195 3053 ipsi
1186 2937 1358 3026 'domino
1375 2979 1443 3027 nec

381 3071 489 3145 alicui
522 3073 592 3144 civi
630 3074 668 3144 in
700 3073 782 3172 ipso
820 3073 901 3145 loco
932 3071 990 3144 vel
1025 3073 1143 3172 burgo
1183 3070 1340 3144 fabulam
1375 3094 1442 3146 nec

348 3206 351 3214 ·
381 3189 528 3289 aliquod
544 3181 754 3292 preceptum
768 3190 828 3263 vel
845 3193 1138 3283 eonventionem,
1157 3175 1351 3292 quominus
1368 3193 1442 3264 eius

380 3322 477 3382 terra
502 3309 559 3382 vel
584 3311 766 3424 possessio
792 3310 850 3384 vol
875 3308 1003 3383 domam
1025 3309 1142 3384 libero
1167 3309 1366 3403 laboretur,
1384 3309 1441 3382 ali·

380 3441 499 3502 otetur
524 3440 561 3501 et
585 3417 787 3520 habitetur,
813 3451 881 3500 nec
913 3429 1061 3527 aliquod
1086 3428 1184 3502 aliud
1210 3429 1442 3536 preiuditium
1498 3514 1501 3522 Ἴ

379 3548 493 3647 ipsius
512 3547 673 3640 domiui,
691 3571 759 3620 nec
778 3547 921 3648 erigere
942 3543 1082 3646 aliquid
1101 3571 1170 3649 pro
1187 3550 1268 3647 ipso
1294 3547 1440 3624 domino

380 3667 612 3759 amassenus,
630 3663 868 3758 notabilibus,
886 3667 1084 3765 inquilinis,
1109 3666 1250 3740 colonis
1265 3665 1323 3738 vel
1339 3665 1443 3738 labo-

379 3781 562 3854 ratoribus
579 3783 684 3877 illius,
697 3797 863 3885 pretextu
878 3809 941 3857 seo
959 3787 1156 3858 oooaxiona
1173 3783 1270 3857 illias
1287 3783 1441 3874 domini}

330 3913 332 3916 ’
380 3913 418 3972 et
443 3901 473 3972 si
498 3914 623 3973 eontra
649 3895 783 3979 laetum
800 3895 927 3995 fuerit,
944 3903 1237 4004 condempnetur
1253 3904 1390 4002 burgus
1401 3903 1441 3972 in

381 4121 410 4208 ΑΙ
427 4173 438 4200 ι
458 4152 662 4207 commirans
682 4174 694 4201 ι
715 4154 765 4221 (la
777 4133 842 4208 ced.
861 4158 892 4208 Bt
910 4154 963 4224 lt),
