3386 5122
417 315 464 392 lt
521 329 527 339 '

407 428 782 526 heberentoriginem
810 427 867 498 rel
893 439 1098 525 respectum
1116 428 1163 500 ad
1181 441 1286 527 pacta
1305 427 1361 500 vol
1376 453 1466 499 eon-

406 545 607 633 ventiones,
620 560 692 643 que
706 554 827 618 essent
840 569 922 614 cum
937 543 1057 643 eliqua
1070 545 1306 644 universitate
1322 544 1378 616 rel
1395 547 1465 616 sina

408 663 538 763 gulla'ri
555 687 722 762 persone,
740 660 835 734 faeta
857 673 924 760 pet
942 674 1096 734 comune
1114 663 1325 755 Mediolani,
1343 664 1465 736 cirelio

406 797 479 879 q'ue
504 781 765 852 nulla‘noritas
791 777 833 849 fit
858 779 904 850 de
930 780 1108 876 presenti3
1139 780 1200 852 sed
1233 785 1312 880 ipse
1343 784 1465 880 provi-

405 902 531 972 siones
558 913 606 972 et
622 899 879 969 ordinamenta
896 897 1049 970 arbitrio
1066 911 1105 970 et
1129 898 1361 999 dispositioni
1386 925 1464 972 ma·

405 1017 530 1117 gnifici
548 1017 687 1089 'domini
705 1015 800 1088 dom.
819 1014 1015 1086 Mediolani
1039 1029 1269 1088 reserventur
1291 1030 1330 1090 et
1352 1041 1466 1090 reser-

403 1152 485 1210 vate
511 1148 549 1207 et
574 1146 756 1212 reservata
781 1155 861 1204 esse
885 1134 968 1230 ipso
987 1136 1067 1208 iure
1087 1146 1127 1204 et
1151 1132 1248 1207 facto
1266 1135 1466 1234 intelligan-

406 1267 481 1342 tor3
508 1267 547 1326 e't
571 1277 615 1330 eo
643 1251 750 1322 modo
781 1275 857 1322 non
889 1250 1110 1350 intelligatur
1137 1275 1218 1324 esse
1237 1251 1463 1352 'derogatum

404 1368 681 1472 provi'xiortibus
698 1393 794 1440 nuno
810 1367 1013 1466 vigentibus
1031 1369 1135 1442 factis
1152 1398 1173 1440 a
1189 1367 1351 1442 kalendis
1366 1397 1468 1442 ment-

405 1490 454 1562 sis
479 1490 570 1562 iunii
596 1488 683 1561 anni
708 1490 805 1560 cursi
822 1512 946 1563 neceni
974 1487 1081 1581 citra,
1099 1513 1167 1560 nec
1193 1513 1260 1586 per
1285 1491 1467 1586 presentia

405 1618 540 1680 statuta
564 1619 633 1709 neo
658 1631 724 1704 per
748 1604 1065 1676 confirmationem.
1091 1606 1138 1677 de
1164 1607 1215 1677 eis
1240 1603 1373 1676 saetam
1398 1631 1465 1678 nec

377 1723 561 1800 *fiendam
587 1725 779 1824 derogetur
805 1748 872 1796 neo
898 1722 1111 1821 derogatum
1137 1747 1216 1796 esse
1241 1724 1469 1823 intelligatur

405 1845 441 1913 in
467 1857 545 1914 toto
571 1866 640 1912 nec
657 1842 694 1910 in
711 1854 817 1939 porte
837 1838 945 1912 alicui
966 1841 1112 1914 decreto
1132 1865 1198 1913 nec
1215 1840 1466 1914 ordinamento

405 1958 534 2058 prefati
560 1956 744 2056 nlagnilici
768 1955 909 2029 domini
924 1983 988 2030 seu
1007 1960 1083 2029 eius
1100 1957 1270 2030 mandato
1288 1955 1384 2030 facto
1402 1983 1464 2031 seu

406 2076 640 2166 confirmato,
667 2072 764 2147 edito
791 2100 859 2146 nec
885 2074 1037 2148 edendo.

373 2248 376 2255 -
454 2194 501 2268 ΙΙ.
528 2195 584 2266 De
608 2193 851 2266 observatione
875 2207 1102 2268 stolidorum.

453 2313 619 2384 Potestas
645 2313 786 2384 eteius
819 2311 959 2383 iudices
986 2325 1024 2386 et
1048 2312 1181 2384 milites
1207 2328 1244 2384 et
1269 2312 1403 2384 notarii
1427 2325 1467 2384 et

404 2457 527 2504 omnes
553 2431 616 2502 alii
640 2430 929 2502 iurisdictionem
948 2444 1152 2503 exercentes
1170 2433 1208 2502 in
1225 2431 1371 2502 civitate
1386 2430 1464 2502 Me·

405 2547 542 2622 diolani
568 2561 606 2620 et
630 2549 806 2618 comitatu
833 2536 877 2619 et'
896 2546 1049 2644 quilibet
1066 2573 1190 2620 eorum
1211 2559 1403 2620 teneantur
1429 2551 1466 2619 et
1561 2573 1567 2588 ·

404 2666 558 2743 debeant
575 2665 765 2740 observare
783 2667 904 2737 omnia
922 2678 1057 2737 statuta
1074 2664 1239 2738 comunis
1254 2664 1466 2755 Mediolani,

405 2796 442 2856 et
468 2809 534 2882 pro
560 2781 729 2884 quolibet
752 2793 887 2854 statuto
914 2782 1080 2882 neglecto
1107 2795 1145 2856 et
1168 2783 1466 2854 non-observato

403 2900 460 2974 rel
486 2902 619 2972 omisso
638 2899 930 2999 condempnetur
946 2901 1099 2998 quilibet
1116 2925 1243 2973 eorum
1261 2898 1466 3000 negligens,

403 3043 479 3114 non
504 3017 703 3090 observans
720 3019 777 3091 vel
795 3019 965 3091 omittens
984 3018 1140 3090 inlibris
1166 3031 1312 3090 centum
1338 3018 1466 3092 tertio·-

404 3136 665 3229 lorum,salvis
690 3138 769 3210 aliis
795 3137 994 3210 maioribus
1020 3139 1140 3235 penis,
1158 3161 1231 3235 que
1257 3137 1293 3207 iu
1321 3137 1465 3208 statutis

405 3258 648 3329 eontinentur.
1009 3275 1011 3280 ·

453 3373 521 3446 ΙΙΙ.
548 3375 605 3446 De
629 3397 725 3472 pena
758 3368 971 3472 opponentis
1003 3374 1105 3475 quod
1127 3399 1203 3446 non
1226 3378 1274 3445 sit
1297 3373 1465 3445 standum

404 3496 545 3569 statutis
570 3505 606 3564 et
630 3491 891 3564 ordinamentis
915 3497 1080 3564 comunis
1106 3491 1321 3566 Mediolani.

454 3610 560 3683 Nulla
586 3634 742 3711 persona
760 3611 875 3709 possit
894 3635 1082 3710 opponere
1108 3609 1166 3682 vel
1192 3608 1347 3706 alegate,
1366 3605 1467 3706 quod

405 3753 480 3798 non
506 3729 552 3799 sit
577 3728 742 3800 standum
769 3731 912 3799 statutis
940 3741 977 3800 et
1002 3727 1276 3827 provixionibus
1303 3724 1467 3798 comunis

405 3844 599 3918 Mediolani
632 3847 690 3918 vel
719 3845 975 3946 'equipollens,
1001 3860 1170 3944 pretextu
1201 3845 1352 3917 alieuius
1379 3844 1467 3915 iuris

406 3965 582 4055 comunis,
596 3967 760 4036 canonici
774 3964 830 4038 vel
842 3965 957 4037 civilis
977 3967 1013 4036 in
1031 3965 1253 4035 contrarium
1271 3963 1465 4064 loquentis.
1502 4020 1504 4028 .

312 4071 316 4078 ¹
406 4082 452 4153 Et
477 4082 539 4178 qui
573 4080 843 4174 contrafecerit,
863 4083 917 4154 sit
943 4084 1021 4180 ipso
1058 4085 1135 4154 iure
1171 4098 1206 4154 et
1239 4078 1334 4154 lacto
1367 4093 1466 4161 extra
