3416 5054
391 212 438 284 98

309 403 311 408 ,
388 329 628 416 notariorum,
658 337 696 398 et
721 323 871 398 durante
898 327 1056 424 presenti
1082 325 1230 402 incentu
1256 340 1445 402 serventur

388 456 520 518 statuta
547 445 702 542 vigentia
736 457 897 540 tempore
933 441 1196 541 compilationis
1225 447 1445 542 presentium

390 573 613 636 statutorum.
685 579 688 584 ·
878 575 881 580 “
1441 573 1444 581 ’

439 677 592 750 CXXX.
629 677 737 774 Quod
765 681 900 766 notarii
923 677 967 749 de
992 675 1104 780 offitio
1139 693 1279 750 servent
1308 691 1445 756 sucula

387 799 633 870 desolatione
665 801 955 894 scripturarum,
981 810 1015 868 et
1039 802 1174 868 solvant
1199 801 1388 870 incautum
1410 812 1445 869 et

389 923 520 990 urent.
1023 1002 1026 1008 1
1341 923 1347 930 ’

391 1079 396 1088 ·
438 1033 571 1107 Omnes
597 1044 634 1105 et
659 1030 792 1131 singuli
817 1033 947 1104 notarii
975 1031 1229 1105 iusdicentium
1256 1046 1292 1105 et
1313 1057 1443 1134 appro-

388 1150 531 1224 batores
548 1161 738 1223 teneantur
755 1174 878 1246 gerere
896 1137 1053 1221 offitium
1066 1175 1171 1222 suum
1185 1152 1279 1223 bene
1296 1165 1334 1224 et
1351 1151 1445 1249 lega·

387 1267 487 1359 liter,
506 1281 544 1340 et
561 1267 750 1340 observare
768 1278 900 1337 statuta
918 1268 1080 1342 comunis
1103 1265 1299 1340 Mediolani
1316 1269 1353 1338 in
1370 1270 1444 1340 suis

375 1378 625 1458 solutionibus
650 1397 688 1457 et
705 1384 795 1476 aliis,
813 1396 849 1457 et
867 1383 1005 1456 solvere
1023 1384 1193 1487 denarios
1210 1387 1265 1456 sui
1280 1386 1445 1459 incantus

387 1491 432 1576 de
457 1528 584 1576 mense
597 1505 639 1574 'iu
661 1527 837 1591 mensem;
856 1501 902 1574 de
920 1500 1051 1600 quihus
1069 1503 1240 1574 omnibus
1257 1515 1446 1578 teneantur.

388 1639 508 1694 coram
534 1620 690 1692 dominis
715 1645 777 1692 sex
802 1644 940 1692 camere
967 1621 1136 1692 satisdare
1153 1633 1190 1693 et
1207 1621 1446 1694 iuramentum

387 1753 543 1837 prestare
575 1752 656 1812 ante
691 1739 885 1834 introytum
916 1739 971 1810 sui
1004 1735 1111 1811 offitii
1150 1763 1242 1837 pena
1275 1736 1446 1812 librarum

385 1859 670 1956 vigintiquinque
687 1854 827 1928 tertiol.
853 1880 920 1953 pro
946 1855 1108 1955 quolibet
1132 1881 1267 1930 eorum:

413 1993 417 1998 ·
439 1973 611 2044 CXXXI.
642 1972 749 2070 Quod
763 1985 898 2044 statuta
917 1971 960 2044 de
980 1976 1132 2046 notariis
1153 1985 1189 2046 et
1213 1973 1444 2048 servitoribus
1490 1981 1497 1990 '

388 2089 542 2163 habeant
567 2097 687 2164 heum
711 2095 750 2162 in
776 2095 927 2162 notariis
952 2105 987 2162 et
1011 2090 1242 2165 servitoribus
1258 2089 1446 2166 cuiuslibet

387 2211 492 2313 <ficii
516 2214 668 2282 civitatis
693 2224 730 2280 et
754 2213 953 2281 comitatus.
1414 2223 1416 2225 ·

438 2328 565 2400 Omnia
601 2340 639 2399 et
677 2327 816 2426 singula
853 2327 1101 2400 ordinamenta
1135 2326 1182 2398 de
1221 2329 1368 2400 notariis
1407 2339 1444 2398 et

387 2445 618 2519 servitoribus
644 2443 948 2518 locumhabeant
975 2459 1045 2516 tam
1072 2448 1109 2516 in
1136 2447 1285 2518 notariis
1312 2458 1349 2518 et
1374 2470 1446 2520 ser·

386 2565 563 2636 vitoribus
588 2565 710 2636 vicarii
736 2565 834 2636 curie
851 2562 1010 2654 domini,
1037 2588 1143 2662 quam
1161 2564 1319 2636 iudicum
1337 2565 1446 2636 turris

388 2683 570 2756 credentie
598 2707 661 2754 seu
687 2683 864 2755 datiorum
890 2680 994 2753 offitii
1020 2684 1276 2781 persecutionis
1305 2681 1447 2755 malefa-

359 2831 360 2837 ’
389 2813 545 2894 storum,
573 2815 610 2872 et
635 2801 798 2895 custodie
825 2825 888 2873 seu
915 2813 1017 2874 tense
1043 2802 1232 2872 comitatus
1258 2825 1323 2874 seu
1355 2803 1445 2873 veti·
1565 2867 1567 2872 .

390 2933 507 2992 torum
540 2921 661 2990 vicarii
694 2919 918 3011 Mamercino,
944 2917 1045 2990 Dexii
1078 2930 1115 2990 et
1140 2917 1324 3016 Bulgarie,
1348 2931 1384 2988 et
1409 2920 1446 2990 in

387 3035 675 3136 quibuscumque
695 3039 840 3110 notariis
864 3050 900 3108 et
920 3034 1156 3110 servitoribus
1181 3027 1370 3108 cuiuslibet
1394 3032 1445 3106 of-

387 3154 453 3229 fitii
480 3155 630 3227 civitatis
656 3167 698 3226 et
720 3157 908 3227 comitatus
935 3155 1142 3246 Mediolani,
1159 3153 1290 3254 quibus
1307 3154 1445 3229 licitum

389 3276 434 3346 sit
459 3274 623 3372 accipere
649 3272 856 3346 solutiones

438 3391 621 3464 CXXXII.
650 3387 705 3462 De
723 3388 853 3464 bannis
870 3391 1126 3488 consignandis
1147 3394 1335 3464 canevario
1361 3388 1446 3462 ban·

388 3541 518 3590 norum
545 3528 710 3588 veterum
727 3520 755 3584 Α.

436 3629 471 3702 N
472 3632 576 3704 otarii
590 3633 654 3730 qui
666 3633 826 3706 steterint
838 3631 884 3703 ad
897 3631 1026 3722 banna,
1038 3642 1230 3705 teneantur
1242 3642 1279 3702 et
1292 3628 1449 3708 debeant
1465 3679 1468 3686 ·

387 3748 534 3845 singulis
560 3774 621 3826 sex
645 3749 846 3841 mensibus,
863 3748 1031 3848 videlicet
1056 3762 1140 3830 ante
1168 3763 1329 3824 octavam
1352 3748 1446 3820 diem

386 4021 404 4064 t
431 4035 444 4062 «
462 4013 610 4070 vetitorum
629 4035 642 4061 n
662 4013 737 4082 (cor.
754 4013 872 4084 praet).
