3338 5042
141 393 144 398 ,
1164 331 1236 403 tas

232 431 339 514 CCII.
367 439 423 510 De
447 442 589 512 ,comto
618 426 813 539 prestando
840 446 956 541 captis
978 466 1051 541 pro
1076 445 1149 514 alio
1175 449 1239 516 vel

180 562 279 650 aliis,
304 573 346 632 ut
368 563 565 630 relassetur
588 571 624 628 et
648 571 879 632 conservetur
904 559 1114 657 indempnis.
1201 597 1205 604 ·

230 675 392 767 Quilibet
408 689 534 774 captus
560 674 645 745 hinc
663 688 777 767 retro,
795 675 851 750 vel
869 679 933 774 qui
958 677 1003 751 de
1019 657 1238 778 cetero‘capi

181 794 397 892 contingerit
430 817 496 892 pro
528 793 650 898 aliquo
685 796 830 866 comuni
862 793 969 894 burgi
998 794 1055 868 vel
1071 794 1237 876 ‚loci'vcl

179 913 413 985 universitate
450 911 569 1008 aliqua
606 911 661 982 vel
687 911 856 1008 singulari
891 937 1070 1010 persona,
1088 913 1239 1016 ‘debeat

181 1029 343 1102 adiuvari
369 1026 562 1102 efficaciter
583 1052 648 1127 per
666 1027 832 1100 dominos
857 1041 1072 1127 potestatem
1088 1030 1145 1102 vel
1162 1031 1239 1104 eius

144 1137 146 1142 ’
180 1146 316 1245 iudices
342 1158 379 1218 et
404 1145 494 1217 alios
520 1170 768 1243 quoscumque
793 1161 997 1219 exercentes
1022 1147 1238 1222 iurisdictio-

180 1286 264 1337 nem
289 1265 327 1336 in
352 1262 511 1364 fatiendo
528 1263 669 1335 virilem
685 1287 894 1363 processum
916 1263 1083 1338 omnibus
1108 1262 1238 1357 modIs,

183 1394 365 1480 tamquam
392 1383 422 1451 si
448 1393 543 1452 esset
566 1404 671 1452 avere
695 1381 857 1453 comunis
884 1381 1081 1455 Mediolani
1112 1394 1239 1460 contra

180 1523 346 1589 comune,
362 1499 629 1569 universitatem
653 1511 690 1568 et
708 1497 921 1598 singularem
945 1519 1152 1597 personam,
1170 1524 1237 1600 pro

181 1641 253 1713 quo
279 1615 346 1707 vel
363 1641 434 1722 qua
466 1628 595 1714 captus
628 1613 754 1707 luerit,
780 1629 904 1688 contra
931 1614 1128 1714 quamlibet
1152 1627 1237 1717 per-

181 1757 306 1806 sonam
324 1732 420 1804 illius
437 1733 542 1830 burgi
560 1730 615 1804 vel
633 1731 704 1804 loci
720 1731 776 1804 vel
801 1734 1056 1825 universitatis,
1073 1735 1123 1806 ita
1140 1735 1239 1832 quod

181 1851 225 1923 ab
246 1851 420 1923 omnibus
446 1852 609 1949 expensis
634 1849 740 1923 licitis
756 1875 824 1948 per
840 1875 922 1924 eum
949 1849 1050 1924 lactis
1076 1875 1118 1924 ea
1135 1876 1239 1924 occa·

180 1973 283 2044 31333
309 1981 472 2042 servetur
496 1968 708 2067 indempnis.

143 2159 144 2164 ,
229 2087 329 2160 Idem
355 2089 558 2186 peremnia
576 2097 761 2178 servetur,
779 2088 809 2158 si
828 2088 909 2184 quis
926 2087 972 2159 de
993 2087 1114 2184 aliqua
1131 2113 1238 2188 paro·
1368 2103 1371 2110 '

181 2207 280 2298 chia,
304 2203 422 2305 burgo
448 2203 630 2297 velloco,
656 2205 790 2278 cassina
814 2202 872 2278 uel
893 2205 1101 2278 molendino
1128 2203 1238 2281 fuerit

72 2315 74 2320 ¹
177 2323 372 2415 derobatus
397 2348 463 2422 pro
488 2322 611 2421 aliquo
637 2323 761 2396 debito
788 2323 958 2423 parochie
984 2348 1047 2394 seu
1073 2325 1237 2396 comunis

177 2443 301 2544 burgi,
327 2441 412 2535 loci,
440 2444 576 2516 cassiae
601 2442 657 2516 vel
684 2440 880 2514 molandini
913 2441 970 2516 vel
995 2441 1234 2516 universitatis

177 2554 241 2632 vel
261 2558 451 2656 singularis
476 2584 638 2660 persone.

228 2676 352 2750 CCIII.
370 2676 426 2778 De
436 2701 530 2776 pena
543 2680 781 2776 superstitum,
793 2681 856 2777 qui
863 2681 1097 2778 permiserint
1095 2673 1237 2776 fugere
1295 2669 1299 2676 ¹

177 2801 332 2896 aliquem
357 2808 597 2868 carceratum.

226 2913 263 2984 Si
289 2913 503 3010 contingerit
529 2911 629 3009 quod
654 2910 765 3009 aliqui
790 2912 836 2984 de
863 2914 1052 2984 carceratis
1078 2909 1238 3010 fugerint

178 3057 198 3102 a
224 3028 443 3121 carceribus,
460 3041 621 3127 potestas
648 3041 811 3102 teneatur
836 3042 874 3101 et
897 3027 1028 3104 debeat
1053 3031 1182 3128 punire
1199 3042 1237 3102 et

116 3229 118 3236 ¹
176 3149 440 3248 condempnare
472 3147 681 3247 superstites
707 3148 744 3218 in
769 3167 922 3248 persona
955 3146 1012 3220 vel
1044 3133 1159 3222 rebus¹
1180 3173 1237 3223 sc-

178 3246 333 3339 cundum
362 3247 570 3365 qualitatem
595 3261 682 3338 sacti
699 3278 735 3338 et
750 3290 1008 3365 personarum,
1033 3278 1147 3368 prout
1168 3263 1238 3338 sibi
1318 3330 1321 3336 .

176 3383 377 3477 videbitur,
403 3397 448 3462 et
464 3383 565 3482 quod
598 3382 689 3456 alius
720 3408 843 3458 carcer
868 3409 943 3456 non
969 3383 1144 3457 habeatur
1167 3407 1236 3466 nec

175 3515 345 3582 ¹tencatur
368 3504 408 3574 in
431 3503 577 3575 civitate
602 3501 660 3576 vel
684 3502 854 3574 comitatu
877 3499 1072 3574 Mediolani
1088 3525 1155 3600 per
1170 3499 1237 3573 ali·

178 3643 286 3716 quem
320 3617 507 3694 offitialem
531 3617 709 3694 ‘comunis
742 3619 958 3712 Mediolani,
986 3619 1055 3692 nisi
1089 3617 1236 3718 quando

159 3720 399 3810 'concedatur
414 3762 480 3836 per
496 3737 651 3812 offitium
675 3738 943 3841 provisionum,
969 3735 1038 3810 sub
1058 3762 1151 3838 pena
1169 3763 1236 3837 pro

178 3853 341 3953 quolibet
372 3859 435 3954 qui
466 3858 537 3932 hoc
573 3856 704 3931 faceret
715 3913 726 3950 ,
761 3855 935 3928 librarum
971 3857 1234 3954 quinquaginta

177 3971 310 4046 tertiol.
338 3957 498 4072 qualibet
529 3979 624 4068 vice3
650 3988 687 4049 et
713 3976 758 4048 de
783 3972 854 4047 hoc
881 3973 1047 4046 dominns
1077 3985 1235 4073 potestas

179 4103 216 4161 et
232 4093 385 4164 vicarius
403 4092 540 4166 domini
554 4092 752 4166 Mediolani
769 4105 806 4166 et
823 4093 975 4166 vicarius
994 4091 1078 4166 dicti
1098 4091 1236 4164 domini
