3338 5042
428 168 541 380 :addsit
564 303 685 353 emere
718 303 786 350 nec
819 275 977 350 vendero
1008 275 1164 372 aliquam
1192 278 1384 373 pecuniam
1421 275 1538 346 auri

426 398 483 470 vel
510 400 651 498 argenti
675 397 724 468 ad
748 394 931 468 bancbum
965 393 1053 465 dicti
1081 395 1263 483 comunis,
1293 393 1364 464 sub
1394 419 1533 492 pena

427 514 600 588 librarum
633 515 922 616 vigintiquinque
947 511 1079 585 tertiol.
1109 510 1272 608 qualibet
1293 515 1392 602 vice,
1428 538 1529 608 qua

427 647 561 706 contra.
578 632 713 706 factum
738 632 847 704 fuerit
862 635 903 701 Ι..

477 751 569 824 Item
600 752 699 849 quod
734 751 851 822 dictus
870 761 1054 848 -pensator
1086 735 1253 819 teneatur
1286 745 1520 846 desigillare

427 891 558 962 umnec
579 870 762 960 florenos,
788 869 938 942 ducatos
964 879 1003 938 et
1027 867 1201 965 ianuynos
1236 865 1414 964 sigillatos
1457 868 1517 937 ad

426 983 650 1059 voluntatem
662 985 855 1058 ciuuslibet
867 985 1096 1082 requirentis,
1107 995 1147 1054 et
1156 977 1312 1082 sigillare
1329 985 1415 1055 sine
1436 981 1513 1053 ali-
1622 973 1623 1036 ἲ

425 1125 500 1201 qua
525 1103 703 1177 solutione
727 1104 897 1202 pecunie,
922 1099 989 1173 sub
1013 1123 1109 1199 pena
1133 1099 1330 1174 solidorum
1360 1102 1507 1198 riginti

427 1222 651 1293 tertiolorum
672 1221 835 1322 qualibet
849 1224 944 1310 vice,
961 1245 1034 1319 qna
1049 1215 1340 1310 contrafactum
1364 1215 1504 1289 luerit„

478 1333 572 1411 Item
610 1340 712 1438 quod
748 1340 866 1412 dictus
904 1350 1076 1437 pensator
1098 1351 1263 1428 teneatur
1287 1351 1323 1407 ct
1356 1335 1503 1408 debeat

426 1479 577 1556 pensare
601 1471 640 1529 et
664 1457 823 1558 sigillare
849 1455 997 1528 cuilibet
1021 1451 1354 1552 requirentijsemel
1372 1455 1415 1523 in
1433 1455 1501 1524 die

427 1597 543 1674 usque
572 1571 619 1664 ad
651 1573 807 1661 florenos
840 1587 913 1662 mes
946 1575 1025 1645 sine
1050 1571 1171 1670 aliqua
1202 1572 1385 1644 solutione
1421 1569 1498 1642 sub

427 1717 523 1791 pena
548 1692 722 1793 predicta.
1366 1719 1369 1726 ·

476 1809 567 1882 Item
594 1810 694 1908 quod
710 1810 816 1882 iudex
834 1809 1026 1906 deputatus
1042 1807 1157 1880 offitio
1177 1807 1285 1880 turris
1301 1805 1495 1880 credcnzie

428 1939 593 1998 teneatur
610 1929 793 2026 inquirere
811 1939 939 1999 contra
954 1927 1091 2014 dictum
1103 1939 1335 2026 pensatorcm
1353 1929 1491 1998 eteius

427 2046 542 2117 sotios
568 2058 604 2134 qt
628 2043 814 2137 offitiales,
840 2057 881 2118 et
897 2043 1062 2117 fatientes
1088 2058 1215 2118 contra
1241 2043 1489 2143 suprascripta

427 2172 561 2235 statuta
577 2164 633 2236 vel
651 2164 797 2262 aliquod
813 2185 957 2255 eorum,
975 2163 1139 2261 qualibet
1151 2163 1355 2236 ebdomada
1373 2158 1486 2232 semel

427 2280 485 2352 vel
510 2281 595 2379 plns
619 2275 666 2352 ad
698 2282 778 2352 eius
810 2277 1018 2373 arbitrium,
1052 2294 1090 2353 et
1122 2305 1184 2354 eos
1206 2277 1485 2380 condempnare

428 2400 628 2471 secundum
653 2397 807 2472 formam
831 2401 1163 2498 suprascriptorum
1189 2401 1462 2472 statutorum„

477 2513 665 2588 CCLVIII.
693 2515 748 2588 De
773 2523 931 2590 nannetis
939 2513 1163 2590 errabundis.
1277 2541 1280 2549 ’

442 2634 641 2706 Potestas
665 2635 724 2710 vel
750 2635 855 2708 index
879 2639 1128 2737 provisionum
1144 2635 1209 2707 vel
1217 2634 1326 2708 iudex
1342 2647 1478 2706 monete

427 2761 611 2845 teneatur,
630 2776 717 2825 cnm
742 2751 925 2854 expediet,
952 2751 1089 2854 eligere
1112 2778 1177 2828 sex
1201 2749 1419 2872 providos'
1389 2777 1478 2825 viros

427 2865 655 2958 mercatores
659 2871 716 2944 vel
731 2873 822 2944 allos
835 2885 1004 2974 expertos
1021 2883 1088 2944 seu'
1101 2874 1253 2944 scientes
1262 2869 1314 2944 de
1329 2881 1476 2963 moneta,

370 3075 374 3086 .
428 3013 491 3085 qur
482 2987 665 3062 debeant
680 2991 840 3066 asaziare
860 3001 1023 3063 monetas
1042 2999 1245 3084 currentes,
1258 2989 1404 3088 seuque
1422 2987 1476 3062 de·

427 3104 538 3177 beant
563 3101 756 3206 expendi
742 3103 826 3206 pe'r
840 3109 1041 3184 civitatem
1049 3121 1087 3181 et
1111 3107 1320 3181 comitatum
1351 3105 1475 3180 Medio·

426 3222 518 3316 lani,
543 3239 584 3298 et
606 3250 664 3298 cas
689 3225 896 3328 quaslibet
895 3240 1061 3300 monetas
1092 3225 1269 3303 reducere
1301 3225 1349 3298 ad
1378 3223 1473 3326 ligant

426 3355 574 3450 monete
575 3367 677 3442 ,quo
695 3357 817 3418 curret
833 3366 897 3430 seu
915 3341 1138 3430 ordinabitur
1154 3366 1220 3448 per
1239 3367 1394 3418 comune
1408 3344 1472 3418 Me

425 3437 572 3534 diolani.
1295 3489 1296 3494 ’
1461 3457 1464 3464 ⁴

477 3575 636 3651 CCLIX.
665 3581 719 3652 De
744 3581 878 3656 eodem.
933 3651 936 3659 .

476 3691 625 3767 Moneta
650 3700 787 3797 argenti
811 3698 1008 3772 Mediolani
1033 3699 1133 3774 nullo
1160 3701 1271 3774 modo
1288 3685 1469 3776 deteriore-

474 3920 638 3998 clibrarum
656 3944 841 4019 quinquen(
799 3947 874 4019 »(1ιι
894 3948 958 4007 cod
976 3953 1007 4002 B
1027 3945 1107 4018 19).
