3338 5042
465 311 536 382 tet

456 429 493 498 in
509 449 661 526 persona
679 424 735 498 vel
762 425 872 498 rebus
889 424 1012 521 aliquo
1033 421 1143 494 modo
1161 447 1229 522 pro
1246 423 1368 522 aliquo
1384 425 1538 498 debito

455 543 599 646 publico
614 544 673 616 vel
691 547 829 643 privato
844 542 900 615 vel
918 543 1152 614 concessione
1167 542 1225 615 vel
1241 541 1313 612 alia
1328 542 1375 614 de
1392 568 1537 635 causa,

454 662 649 755 veniendo,
673 661 848 734 morando
881 673 919 732 et
944 659 1127 732 redeundo
1159 683 1227 760 pro
1258 659 1459 757 predictis,
1491 675 1539 732 et

455 805 528 851 non
553 784 600 850 sit
624 780 753 877 aliquis
770 779 971 868 iusdicens,
989 779 1050 874 qui
1068 774 1202 849 debeat
1219 777 1319 875 ipsos
1335 778 1535 876 impedire

455 895 578 996 aliquo
604 897 732 986 modo;
750 894 813 967 sed
831 921 913 968 cum
930 898 1069 967 noverit
1085 895 1199 991 ipsam
1216 919 1410 991 personam
1427 921 1532 994 pre-

456 1015 570 1087 dictas
596 1039 654 1088 res
679 1013 737 1086 vel
763 1015 918 1112 aliquam
944 1037 1067 1085 earum
1098 1011 1240 1084 duxisse
1267 1012 1323 1084 vel
1349 1026 1531 1113 portasse

456 1134 502 1204 ad
516 1135 694 1206 civitatem
712 1157 776 1204 seu
791 1156 917 1202 versus
936 1131 1127 1222 civitatem,
1138 1130 1175 1200 in
1192 1132 1406 1220 continenti,
1416 1133 1528 1202 omni

456 1277 554 1322 mora
580 1252 812 1350 postposita,
842 1247 942 1320 fatiat
973 1247 1088 1348 ipsam
1120 1271 1312 1346 personam
1345 1248 1525 1320 relassari

455 1375 532 1444 sine
556 1371 733 1471 aliquibus
759 1373 939 1470 expensis,
965 1371 1033 1443 sub
1058 1395 1152 1469 pena
1174 1371 1365 1444 iusdicenti
1382 1371 1430 1444 de
1448 1398 1523 1443 suo

456 1491 586 1562 salario
600 1489 771 1562 librarum
793 1491 1053 1589 quinquaginta
1066 1490 1210 1581 tertiol,
1224 1489 1271 1561 ad
1286 1513 1396 1589 quarn
1414 1515 1523 1562 com-

456 1608 542 1707 pelli
558 1611 674 1706 possit
690 1621 726 1680 et
744 1606 876 1680 debeat
892 1609 1044 1682 durante
1063 1606 1197 1698 offitio;
1215 1622 1253 1679 et
1269 1608 1329 1680 illc
1347 1607 1393 1678 ad
1410 1611 1537 1704 cuius¹

454 1728 661 1828 petitionem
688 1726 881 1826 impeditus
899 1725 1022 1816 luerit,
1039 1726 1323 1824 condempnetur
1347 1727 1386 1796 in
1412 1726 1520 1798 libris

456 1845 740 1943 vigintiquinque
774 1843 918 1934 tertiol,
943 1855 981 1914 et
1004 1847 1157 1914 servitor
1187 1845 1225 1912 in
1255 1843 1356 1915 libris
1386 1844 1517 1916 decem

459 1961 587 2034 tertiol.
615 1961 663 2031 Et
687 1960 939 2031 nichilominus
965 1973 1132 2033 teneatur
1157 1960 1238 2052 ille,
1256 1961 1301 2034 ad
1324 1965 1426 2048 cuius
1452 1989 1518 2061 pe-

457 2080 620 2150 titionem
655 2076 850 2175 impeditus
886 2076 1012 2171 fuerit,
1046 2081 1216 2151 resarcire
1249 2092 1287 2152 et
1320 2081 1515 2151 restituere

458 2197 577 2268 omnia
594 2195 748 2294 dampna
765 2209 804 2268 et
824 2221 996 2296 expensas
1018 2195 1213 2295 dampnum
1231 2221 1348 2294 passo.
1365 2197 1414 2268 Et
1432 2197 1514 2267 nul-

457 2313 530 2385 lum
559 2314 682 2386 datum
708 2312 771 2386 liat
795 2327 919 2386 contra
946 2315 1105 2413 predicta
1129 2313 1185 2384 vel
1212 2314 1362 2412 aliquod
1390 2314 1513 2415 predi-

457 2445 617 2524 ctorum,
635 2444 671 2503 et
697 2433 726 2502 si
753 2430 1028 2504 contrafactum
1054 2445 1110 2504 est
1125 2431 1181 2502 vel
1198 2430 1276 2522 fiet,
1298 2457 1372 2504 non
1397 2433 1512 2504 valeat

456 2575 524 2622 nec
539 2563 679 2641 teneat3
697 2550 761 2622 sed
777 2550 848 2620 hoc
866 2561 1037 2622 statutum
1050 2551 1096 2620 sit
1107 2552 1288 2648 precisum
1301 2565 1339 2622 et
1356 2549 1510 2642 lirinum,

456 2669 544 2767 ipsis
569 2668 661 2739 datis
686 2667 744 2740 vel
770 2669 858 2741 dato
883 2693 956 2738 non
983 2667 1220 2739 obstantibus.

505 2783 660 2856 CCLXL
675 2785 730 2857 De
744 2790 824 2858 iure
841 2785 1020 2859 reddendo
1034 2809 1106 2856 nou
1117 2783 1259 2859 subdito
1264 2786 1360 2887 foro
1374 2789 1509 2860 domini

448 2908 637 3007 potestatis
662 2903 874 2978 Mediolani.
1079 2907 1081 2911 ’

506 3021 549 3093 In
563 3022 731 3094 omnibus
745 3024 997 3123 preparatoriis
1016 3024 1225 3096 iuditiorum
1240 3025 1328 3097 etin
1344 3026 1505 3097 omnibus

454 3139 661 3231 decisoriis,
680 3155 717 3212 et
735 3140 949 3240 generaliter
968 3144 1004 3213 in
1023 3141 1246 3240 quibuslibet
1261 3143 1504 3242 processibus,

455 3259 531 3330 sive
557 3259 777 3359 procedatur
803 3259 954 3332 civiliter
979 3263 1053 3332 sive
1072 3261 1302 3334 criminaliter
1320 3261 1394 3334 sive
1411 3262 1503 3334 ordi-

454 3379 554 3449 narie
580 3379 654 3449 sive
685 3377 981 3472 extraordinarie,
1008 3379 1081 3451 sive
1106 3406 1150 3452 ex
1179 3379 1295 3452 offitio
1321 3381 1393 3453 sive
1418 3407 1500 3470 non,

453 3508 491 3568 et
515 3493 729 3594 generaliter
755 3519 981 3594 quacumque
1005 3500 1063 3569 via
1092 3499 1326 3597 procedatur,
1352 3497 1423 3570 tale
1450 3501 1500 3570 ius

453 3611 636 3685 reddatur·
654 3627 690 3686 et
718 3613 820 3686 reddi
854 3613 984 3686 debeat
1009 3616 1225 3714 unicuique,
1252 3619 1500 3715 cuiuscumque

453 3731 692 3806 condictionis
705 3746 742 3806 et
756 3745 867 3805 status
885 3735 1012 3806 existat
1029 3740 1063 3826 Α,
1089 3759 1162 3806 non
1175 3733 1321 3808 subdito
1340 3737 1499 3833 potestati
1595 3805 1597 3810 .

454 3956 472 3999 a
500 3967 512 3994 a
530 3945 599 4000 Vide
624 3950 754 4003 statutum
771 3948 806 4003 de
823 3949 1000 4006 satisdatione
1017 3951 1163 4020 prestanda
1180 3965 1230 4021 per
1246 3967 1303 4006 non
1327 3951 1490 4020 suppositum

529 4052 546 4170 ἑ
563 4068 604 4185 'Q'
616 4069 621 4082 .
631 4031 693 4087 ..in
711 4032 838 4090 civilibus
855 4039 883 4090 et
899 4035 953 4092 alia
969 4039 1070 4092 statuta
1087 4036 1125 4092 itt
1136 4038 1267 4092 annotata
1278 4036 1489 4105 »(Νοεαίηΰοά

549 4154 555 4168 .
600 4154 606 4168 .
625 4121 653 4170 Ρ.
672 4121 705 4172 ll.
724 4123 777 4184 20).
