3338 5042
1204 339 1268 406 l'll

268 449 401 522 Datum
436 447 561 524 Assisii
596 475 659 522 xur
694 443 865 525 kalendas
906 451 1011 542 iunii,
1047 451 1278 548 pontificatus

220 568 334 640 nostri
360 591 456 638 anno
482 567 686 642 undecimo.
1164 583 1167 588 '

333 829 369 872 n.
385 813 459 874 c‘ce.
475 827 551 872 unx.
567 825 651 892 vm,
676 801 736 872 die
762 801 890 873 ultimo
917 804 1050 874 mensis
1076 805 1171 875 maii.

272 1035 467 1112 cctth.
493 1037 550 1110 De
575 1035 695 1135 baylia
720 1036 859 1110 domini
885 1038 1096 1112 Mediolani.
1182 1053 1185 1058 '

274 1153 365 1228 Cum
402 1152 586 1255 princeps
607 1154 713 1226 honis
749 1156 912 1228 moribus
952 1155 1069 1255 pollet
1103 1168 1141 1228 et
1179 1159 1281 1230 iustis

223 1269 361 1345 actibus
380 1274 481 1363 nitet,
501 1272 602 1369 quod
620 1271 686 1344 filii
710 1276 831 1369 quiex
849 1297 894 1346 eo
913 1286 1121 1366 nascuntur,
1132 1274 1281 1347 eosdem

224 1415 343 1462 mores
361 1401 574 1488 sequuntur,
593 1389 740 1462 firmiter
757 1402 813 1462 est
833 1390 1044 1483 tenendum,
1062 1389 1282 1490 degenerare

222 1510 319 1580 enim
338 1533 410 1580 non
437 1506 546 1578 debet
562 1532 583 1577 a
600 1519 704 1605 patre
718 1503 812 1578 filius
821 1563 831 1598 ‚
857 1506 921 1579 sed
939 1533 1049 1605 aquo
1067 1510 1207 1606 recepit
1224 1517 1282 1582 na?

224 1637 365 1716 turam,
392 1625 550 1696 imitetur
576 1638 613 1696 et
638 1647 778 1715 mores,
805 1626 905 1697 iuxta
930 1625 1036 1696 illud:
1147 1639 1151 1704 ζ

374 1742 467 1840 Sepe
493 1741 595 1814 solet·
614 1739 709 1814 filius
735 1741 862 1814 similis
888 1767 969 1816 esse
992 1745 1104 1843 patri3

223 1862 335 1960 igitur
349 1859 618 1932 considerantes
634 1860 787 1932 militem
805 1885 1019 1958 generosum
1037 1872 1076 1936 et
1092 1859 1285 1936 recolende

224 1979 397 2051 memorie
415 1978 599 2075 quondam
622 1977 809 2050 dominum
833 1977 932 2052 dom.
952 1978 1138 2052 Matheum
1161 1979 1208 2054 de
1225 1980 1286 2050 Vi·

225 2094 465 2169 cecomitibus
499 2107 663 2195 tempore
695 2097 751 2166 sui
783 2095 935 2166 dominii
968 2094 1217 2170 misericordia
1250 2110 1287 2171 et

223 2215 356 2286 virtute
388 2213 577 2305 llormsse,
603 2236 693 2310 quas
719 2215 755 2284 in
782 2211 1016 2310 magnificum
1043 2228 1081 2288 et
1105 2213 1286 2286 excelsum

225 2329 412 2404 dominum
429 2329 524 2404 dom.
539 2327 739 2404 Iohannem
753 2343 879 2402 natum
894 2355 935 2400 ex
948 2325 1085 2430 prefate
1104 2331 1200 2404 bone
1214 2357 1286 2414 me-

198 2433 339 2521 ffmorie
364 2448 550 2546 quondam
568 2447 664 2520 dom;
691 2426 840 2523 Mitheo
860 2447 1051 2547 prelibato,
1072 2462 1107 2520 et
1131 2451 1168 2520 in
1195 2449 1286 2522 alios

143 2581 145 2586 '
224 2566 487 2639 descendentes
514 2591 559 2639 ex
585 2566 714 2640 eodem
742 2565 1002 2663 quond.'dom.
1030 2565 1196 2660 Matheo,
1223 2569 1286 2665 qui

226 2687 378 2757 virtutes
397 2685 592 2756 virtutibus
612 2685 859 2782 aggregando,
873 2698 1020 2756 tronum
1043 2685 1195 2758 dominii
1222 2711 1286 2758 eo·

226 2809 306 2872 rum
332 2800 525 2872 dilatantes
561 2824 701 2872 summa
733 2801 875 2872 iusticia
902 2799 1151 2892 stabilierunt,
1177 2826 1287 2899 quam

226 2917 415 3016 diligentes
433 2931 470 2990 et
486 2917 714 3015 iniqnitatem
732 2915 974 2990 abhorrentes
988 2920 1089 2990 uncti
1105 2930 1191 2990 sunt
1205 2898 1286 2991 oleo

225 3037 342 3108 letitie
370 3059 439 3136 pre
472 3033 704 3106 consortibus
731 3035 825 3124 suis;
852 3048 1110 3134 sperantesque
1137 3035 1288 3110 indubie

225 3153 404 3254 prelatum
430 3154 527 3226 dom.
554 3154 650 3226 dom.
675 3152 871 3226 Iohannem
898 3167 1111 3251 ceterosque
1137 3155 1288 3238 descen-

220 3273 354 3346 dentes
380 3297 424 3344 ex
448 3270 589 3371 prelato
621 3271 756 3369 quond.
785 3271 881 3342 dom.
908 3270 1058 3344 Matheo
1086 3274 1165 3343 iure
1190 3268 1288 3342 here-

227 3391 360 3463 ditario
388 3389 546 3488 quodam
575 3400 613 3458 et
640 3391 743 3488 quasi
771 3387 934 3460 naturali
953 3387 999 3460 de
1025 3388 1216 3460 virtutibus
1240 3389 1286 3460 ad

225 3512 374 3582 virtutes
399 3527 629 3597 ascensuros,
648 3529 847 3603 eorumque
873 3519 1011 3578 mentes
1037 3507 1195 3578 strictius
1212 3508 1287 3578 ani·

226 3630 317 3698 mari
343 3627 389 3698 ad
415 3626 644 3697 subditorum
670 3624 858 3697 commoda
876 3638 912 3696 et
929 3637 1065 3696 statum
1091 3623 1284 3725 pacificum

226 3744 421 3817 ferventius
459 3742 743 3832 confovendum
777 3742 959 3841 potissime
992 3757 1181 3816 cernentes
1214 3759 1284 3842 po-

226 3863 351 3961 pulum
377 3862 485 3932 huius
509 3859 789 3932 mediolanensis
817 3861 972 3932 civitatis
990 3863 1028 3931 in
1046 3885 1171 3932 corum
1196 3861 1287 3932 exal·

228 3981 363 4051 tatione
388 3992 426 4051 et
450 3979 612 4078 potentia
639 3977 806 4077 gloriari,
823 4000 906 4047 cum
933 3979 982 4047 sit
1006 3979 1133 4077 populi
1159 3977 1287 4078 prelati

227 4096 340 4195 gloria
356 4099 515 4197 ipsorum
530 4096 761 4170 dominorum
776 4093 859 4168 felix
874 4107 912 4168 et
923 4109 1099 4198 perpetua
1110 4099 1288 4186 maiestas,
