<?xml version="1.0" encoding="UTF-8"?>
<!DOCTYPE html PUBLIC "-//W3C//DTD XHTML 1.0 Transitional//EN"
    "http://www.w3.org/TR/xhtml1/DTD/xhtml1-transitional.dtd">
<html xmlns="http://www.w3.org/1999/xhtml" xml:lang="en" lang="en">
 <head>
  <title>
</title>
<meta http-equiv="Content-Type" content="text/html;charset=utf-8" />
  <meta name='ocr-system' content='tesseract 3.04.00' />
  <meta name='ocr-capabilities' content='ocr_page ocr_carea ocr_par ocr_line ocrx_word'/>
</head>
<body>
  <div class='ocr_page' id='page_1' title='image "./statutaiurisdic00itagoog_0143.png"; bbox 0 0 3416 5054; ppageno 0'>
   <div class='ocr_carea' id='block_1_1' title="bbox 351 253 1415 1296">
    <p class='ocr_par' dir='ltr' id='par_1_1' title="bbox 358 253 640 334">
     <span class='ocr_line' id='line_1_1' title="bbox 358 253 640 334; baseline -0.014 -4"><span class='ocrx_word' id='word_1_1' title='bbox 358 253 429 334; x_wconf 67' lang='lat' dir='ltr'><strong>tet</strong></span> <span class='ocrx_word' id='word_1_2' title='bbox 638 321 640 326; x_wconf 89' lang='lat'><em>.</em></span> 
     </span>
    </p>

    <p class='ocr_par' dir='ltr' id='par_1_2' title="bbox 351 369 1415 1296">
     <span class='ocr_line' id='line_1_2' title="bbox 353 369 1413 472; baseline -0.003 -25"><span class='ocrx_word' id='word_1_3' title='bbox 353 399 398 447; x_wconf 79' lang='lat' dir='ltr'><strong>en</strong></span> <span class='ocrx_word' id='word_1_4' title='bbox 422 373 569 464; x_wconf 82' lang='lat' dir='ltr'><strong>emerit,</strong></span> <span class='ocrx_word' id='word_1_5' title='bbox 588 382 634 444; x_wconf 83' lang='lat' dir='ltr'><strong>et</strong></span> <span class='ocrx_word' id='word_1_6' title='bbox 659 370 759 444; x_wconf 71' lang='lat' dir='ltr'><strong>crida</strong></span> <span class='ocrx_word' id='word_1_7' title='bbox 783 369 828 466; x_wconf 73' lang='lat' dir='ltr'><strong>de</strong></span> <span class='ocrx_word' id='word_1_8' title='bbox 854 370 1002 444; x_wconf 70' lang='lat' dir='ltr'><strong>loetum</strong></span> <span class='ocrx_word' id='word_1_9' title='bbox 1019 373 1204 472; x_wconf 79' lang='lat' dir='ltr'><strong>ipsorum.</strong></span> <span class='ocrx_word' id='word_1_10' title='bbox 1224 373 1413 471; x_wconf 69' lang='lat' dir='ltr'><strong>pignerum</strong></span> 
     </span>
     <span class='ocr_line' id='line_1_3' title="bbox 351 485 1411 589; baseline -0.004 -25"><span class='ocrx_word' id='word_1_11' title='bbox 351 489 466 583; x_wconf 68' lang='lat' dir='ltr'><strong>luerit</strong></span> <span class='ocrx_word' id='word_1_12' title='bbox 480 489 588 582; x_wconf 79' lang='lat' dir='ltr'><strong>faeta,</strong></span> <span class='ocrx_word' id='word_1_13' title='bbox 604 488 969 580; x_wconf 60' lang='lat' dir='ltr'><strong>cressementum</strong></span> <span class='ocrx_word' id='word_1_14' title='bbox 988 513 1031 560; x_wconf 73' lang='lat' dir='ltr'><strong>er</strong></span> <span class='ocrx_word' id='word_1_15' title='bbox 1047 485 1204 582; x_wconf 86' lang='lat' dir='ltr'><strong>fuerunt,</strong></span> <span class='ocrx_word' id='word_1_16' title='bbox 1221 501 1411 589; x_wconf 71' lang='lat' dir='ltr'><strong>autequam</strong></span> 
     </span>
     <span class='ocr_line' id='line_1_4' title="bbox 351 604 1412 705; baseline 0 -25"><span class='ocrx_word' id='word_1_17' title='bbox 351 607 401 682; x_wconf 76' lang='lat' dir='ltr'><strong>ed</strong></span> <span class='ocrx_word' id='word_1_18' title='bbox 427 615 579 682; x_wconf 82' lang='lat' dir='ltr'><strong>comune</strong></span> <span class='ocrx_word' id='word_1_19' title='bbox 604 604 800 680; x_wconf 84' lang='lat' dir='ltr'><strong>Mediolani</strong></span> <span class='ocrx_word' id='word_1_20' title='bbox 823 608 1071 704; x_wconf 79' lang='lat' dir='ltr'><strong>pervenirent,</strong></span> <span class='ocrx_word' id='word_1_21' title='bbox 1102 631 1165 678; x_wconf 87' lang='lat' dir='ltr'><strong>seu</strong></span> <span class='ocrx_word' id='word_1_22' title='bbox 1191 605 1251 678; x_wconf 81' lang='lat' dir='ltr'><strong>alii</strong></span> <span class='ocrx_word' id='word_1_23' title='bbox 1275 632 1346 705; x_wconf 81' lang='lat' dir='ltr'><strong>pro</strong></span> <span class='ocrx_word' id='word_1_24' title='bbox 1369 631 1412 680; x_wconf 86' lang='lat' dir='ltr'><strong>eu</strong></span> 
     </span>
     <span class='ocr_line' id='line_1_5' title="bbox 353 725 1414 826; baseline -0.007 -24"><span class='ocrx_word' id='word_1_25' title='bbox 353 729 497 826; x_wconf 77' lang='lat' dir='ltr'><strong>exigere</strong></span> <span class='ocrx_word' id='word_1_26' title='bbox 520 727 654 798; x_wconf 80' lang='lat' dir='ltr'><strong>volenti</strong></span> <span class='ocrx_word' id='word_1_27' title='bbox 678 726 735 822; x_wconf 83' lang='lat' dir='ltr'><strong>de&#39;</strong></span> <span class='ocrx_word' id='word_1_28' title='bbox 750 727 828 798; x_wconf 86' lang='lat' dir='ltr'><strong>eius</strong></span> <span class='ocrx_word' id='word_1_29' title='bbox 852 725 1040 818; x_wconf 81' lang='lat' dir='ltr'><strong>mandato,</strong></span> <span class='ocrx_word' id='word_1_30' title='bbox 1067 749 1134 824; x_wconf 89' lang='lat' dir='ltr'><strong>pro</strong></span> <span class='ocrx_word' id='word_1_31' title='bbox 1160 737 1272 796; x_wconf 80' lang='lat' dir='ltr'><strong>tento.</strong></span> <span class='ocrx_word' id='word_1_32' title='bbox 1286 729 1414 825; x_wconf 81' lang='lat' dir='ltr'><strong>pretio,</strong></span> 
     </span>
     <span class='ocr_line' id='line_1_6' title="bbox 352 845 1414 944; baseline -0.004 -26"><span class='ocrx_word' id='word_1_33' title='bbox 352 869 421 944; x_wconf 87' lang='lat' dir='ltr'><strong>pro</strong></span> <span class='ocrx_word' id='word_1_34' title='bbox 436 857 575 942; x_wconf 83' lang='lat' dir='ltr'><strong>quanto</strong></span> <span class='ocrx_word' id='word_1_35' title='bbox 585 845 726 932; x_wconf 82' lang='lat' dir='ltr'><strong>emerit,</strong></span> <span class='ocrx_word' id='word_1_36' title='bbox 738 855 777 914; x_wconf 89' lang='lat' dir='ltr'><strong>et</strong></span> <span class='ocrx_word' id='word_1_37' title='bbox 789 865 963 941; x_wconf 82' lang='lat' dir='ltr'><strong>expensus</strong></span> <span class='ocrx_word' id='word_1_38' title='bbox 977 867 1067 939; x_wconf 82' lang='lat' dir='ltr'><strong>quas</strong></span> <span class='ocrx_word' id='word_1_39' title='bbox 1079 856 1273 941; x_wconf 74' lang='lat' dir='ltr'><strong>propterea</strong></span> <span class='ocrx_word' id='word_1_40' title='bbox 1288 845 1414 943; x_wconf 70' lang='lat' dir='ltr'><strong>pessus</strong></span> 
     </span>
     <span class='ocr_line' id='line_1_7' title="bbox 354 958 1414 1059; baseline -0.003 -26"><span class='ocrx_word' id='word_1_41' title='bbox 354 959 475 1054; x_wconf 80' lang='lat' dir='ltr'><strong>fuerit,</strong></span> <span class='ocrx_word' id='word_1_42' title='bbox 491 974 530 1033; x_wconf 90' lang='lat' dir='ltr'><strong>et</strong></span> <span class='ocrx_word' id='word_1_43' title='bbox 556 961 601 1032; x_wconf 80' lang='lat' dir='ltr'><strong>ad</strong></span> <span class='ocrx_word' id='word_1_44' title='bbox 626 964 837 1059; x_wconf 85' lang='lat' dir='ltr'><strong>computum</strong></span> <span class='ocrx_word' id='word_1_45' title='bbox 853 958 1081 1030; x_wconf 84' lang='lat' dir='ltr'><strong>denariorum</strong></span> <span class='ocrx_word' id='word_1_46' title='bbox 1096 983 1161 1030; x_wconf 85' lang='lat' dir='ltr'><strong>sex</strong></span> <span class='ocrx_word' id='word_1_47' title='bbox 1177 983 1248 1058; x_wconf 81' lang='lat' dir='ltr'><strong>pm</strong></span> <span class='ocrx_word' id='word_1_48' title='bbox 1264 958 1367 1052; x_wconf 85' lang='lat' dir='ltr'><strong>libra,</strong></span> <span class='ocrx_word' id='word_1_49' title='bbox 1382 961 1414 1032; x_wconf 85' lang='lat' dir='ltr'><strong>si</strong></span> 
     </span>
     <span class='ocr_line' id='line_1_8' title="bbox 351 1074 1415 1170; baseline -0.003 -18"><span class='ocrx_word' id='word_1_50' title='bbox 351 1079 517 1152; x_wconf 86' lang='lat' dir='ltr'><strong>debitum</strong></span> <span class='ocrx_word' id='word_1_51' title='bbox 545 1078 654 1150; x_wconf 83' lang='lat' dir='ltr'><strong>fuerit</strong></span> <span class='ocrx_word' id='word_1_52' title='bbox 679 1104 699 1146; x_wconf 84' lang='lat' dir='ltr'>a</span> <span class='ocrx_word' id='word_1_53' title='bbox 724 1077 850 1149; x_wconf 86' lang='lat' dir='ltr'><strong>decem</strong></span> <span class='ocrx_word' id='word_1_54' title='bbox 875 1075 975 1148; x_wconf 84' lang='lat' dir='ltr'><strong>libris</strong></span> <span class='ocrx_word' id='word_1_55' title='bbox 1002 1074 1109 1170; x_wconf 75' lang='lat' dir='ltr'><strong>infra,</strong></span> <span class='ocrx_word' id='word_1_56' title='bbox 1135 1101 1157 1146; x_wconf 83' lang='lat' dir='ltr'><strong>a</strong></span> <span class='ocrx_word' id='word_1_57' title='bbox 1179 1076 1305 1160; x_wconf 83' lang='lat' dir='ltr'><strong>decem</strong></span> <span class='ocrx_word' id='word_1_58' title='bbox 1329 1080 1415 1150; x_wconf 71' lang='lat' dir='ltr'><strong>iero</strong></span> 
     </span>
     <span class='ocr_line' id='line_1_9' title="bbox 351 1193 1414 1296; baseline -0.001 -28"><span class='ocrx_word' id='word_1_59' title='bbox 351 1195 457 1270; x_wconf 84' lang='lat' dir='ltr'><strong>libris</strong></span> <span class='ocrx_word' id='word_1_60' title='bbox 477 1221 591 1296; x_wconf 78' lang='lat' dir='ltr'><strong>supra</strong></span> <span class='ocrx_word' id='word_1_61' title='bbox 615 1219 682 1296; x_wconf 90' lang='lat' dir='ltr'><strong>pro</strong></span> <span class='ocrx_word' id='word_1_62' title='bbox 708 1194 863 1266; x_wconf 74' lang='lat' dir='ltr'><strong>denariis</strong></span> <span class='ocrx_word' id='word_1_63' title='bbox 885 1207 1041 1294; x_wconf 80' lang='lat' dir='ltr'><strong>quatuor</strong></span> <span class='ocrx_word' id='word_1_64' title='bbox 1064 1217 1133 1294; x_wconf 89' lang='lat' dir='ltr'><strong>pro</strong></span> <span class='ocrx_word' id='word_1_65' title='bbox 1157 1193 1265 1286; x_wconf 79' lang='lat' dir='ltr'><strong>libra;</strong></span> <span class='ocrx_word' id='word_1_66' title='bbox 1292 1206 1332 1266; x_wconf 88' lang='lat' dir='ltr'><strong>et</strong></span> <span class='ocrx_word' id='word_1_67' title='bbox 1345 1193 1414 1268; x_wconf 85' lang='lat' dir='ltr'><strong>¹ille</strong></span> 
     </span>
    </p>
   </div>
   <div class='ocr_carea' id='block_1_2' title="bbox 357 1311 1536 1423">
    <p class='ocr_par' dir='ltr' id='par_1_3' title="bbox 357 1311 1536 1423">
     <span class='ocr_line' id='line_1_10' title="bbox 357 1311 1536 1423; baseline 0.002 -39"><span class='ocrx_word' id='word_1_68' title='bbox 357 1315 420 1411; x_wconf 88' lang='lat' dir='ltr'><strong>qui</strong></span> <span class='ocrx_word' id='word_1_69' title='bbox 444 1315 521 1412; x_wconf 85' lang='lat' dir='ltr'><strong>ipsa</strong></span> <span class='ocrx_word' id='word_1_70' title='bbox 546 1315 703 1412; x_wconf 79' lang='lat' dir='ltr'><strong>piguem</strong></span> <span class='ocrx_word' id='word_1_71' title='bbox 720 1337 784 1386; x_wconf 85' lang='lat' dir='ltr'><strong>sen</strong></span> <span class='ocrx_word' id='word_1_72' title='bbox 800 1335 857 1384; x_wconf 86' lang='lat' dir='ltr'><strong>res</strong></span> <span class='ocrx_word' id='word_1_73' title='bbox 874 1337 950 1384; x_wconf 89' lang='lat' dir='ltr'><strong>non</strong></span> <span class='ocrx_word' id='word_1_74' title='bbox 972 1313 1168 1386; x_wconf 80' lang='lat' dir='ltr'><strong>restituerit</strong></span> <span class='ocrx_word' id='word_1_75' title='bbox 1190 1311 1415 1386; x_wconf 71' lang='lat' dir='ltr'><strong>satisfaciens·</strong></span> <span class='ocrx_word' id='word_1_76' title='bbox 1533 1408 1536 1423; x_wconf 26' lang='grc' dir='ltr'><strong>μ</strong></span> 
     </span>
    </p>
   </div>
   <div class='ocr_carea' id='block_1_3' title="bbox 308 1427 1514 3540">
    <p class='ocr_par' dir='ltr' id='par_1_4' title="bbox 355 1427 1418 2121">
     <span class='ocr_line' id='line_1_11' title="bbox 355 1427 1415 1530; baseline -0.002 -28"><span class='ocrx_word' id='word_1_77' title='bbox 355 1443 397 1502; x_wconf 92' lang='lat' dir='ltr'><strong>ut</strong></span> <span class='ocrx_word' id='word_1_78' title='bbox 430 1455 558 1530; x_wconf 88' lang='lat' dir='ltr'><strong>supra,</strong></span> <span class='ocrx_word' id='word_1_79' title='bbox 591 1429 877 1529; x_wconf 72' lang='lat' dir='ltr'><strong>condempnetur</strong></span> <span class='ocrx_word' id='word_1_80' title='bbox 908 1431 944 1499; x_wconf 92' lang='lat' dir='ltr'><strong>in</strong></span> <span class='ocrx_word' id='word_1_81' title='bbox 979 1427 1077 1500; x_wconf 89' lang='lat' dir='ltr'><strong>libris</strong></span> <span class='ocrx_word' id='word_1_82' title='bbox 1114 1429 1239 1503; x_wconf 87' lang='lat' dir='ltr'><strong>decem</strong></span> <span class='ocrx_word' id='word_1_83' title='bbox 1270 1429 1415 1523; x_wconf 77' lang='lat' dir='ltr'><strong>tertiol,</strong></span> 
     </span>
     <span class='ocr_line' id='line_1_12' title="bbox 358 1546 1414 1649; baseline 0 -29"><span class='ocrx_word' id='word_1_84' title='bbox 358 1548 528 1620; x_wconf 73' lang='lat' dir='ltr'><strong>medietas</strong></span> <span class='ocrx_word' id='word_1_85' title='bbox 556 1549 656 1620; x_wconf 82' lang='lat' dir='ltr'><strong>cuius</strong></span> <span class='ocrx_word' id='word_1_86' title='bbox 680 1549 861 1648; x_wconf 75' lang='lat' dir='ltr'><strong>perueniat</strong></span> <span class='ocrx_word' id='word_1_87' title='bbox 886 1549 923 1620; x_wconf 89' lang='lat' dir='ltr'><strong>in</strong></span> <span class='ocrx_word' id='word_1_88' title='bbox 948 1546 1068 1640; x_wconf 88' lang='lat' dir='ltr'><strong>illum,</strong></span> <span class='ocrx_word' id='word_1_89' title='bbox 1084 1549 1186 1620; x_wconf 84' lang='lat' dir='ltr'><strong>cuius</strong></span> <span class='ocrx_word' id='word_1_90' title='bbox 1201 1546 1335 1620; x_wconf 87' lang='lat' dir='ltr'><strong>fuerint</strong></span> <span class='ocrx_word' id='word_1_91' title='bbox 1360 1550 1414 1649; x_wconf 91' lang='lat' dir='ltr'><strong>pi-</strong></span> 
     </span>
     <span class='ocr_line' id='line_1_13' title="bbox 356 1665 1416 1766; baseline -0.001 -28"><span class='ocrx_word' id='word_1_92' title='bbox 356 1691 486 1764; x_wconf 77' lang='lat' dir='ltr'><strong>gnere,</strong></span> <span class='ocrx_word' id='word_1_93' title='bbox 512 1679 551 1739; x_wconf 88' lang='lat' dir='ltr'><strong>et</strong></span> <span class='ocrx_word' id='word_1_94' title='bbox 583 1665 835 1738; x_wconf 79' lang='lat' dir='ltr'><strong>nichilominus</strong></span> <span class='ocrx_word' id='word_1_95' title='bbox 867 1665 1107 1766; x_wconf 85' lang='lat' dir='ltr'><strong>compellatur</strong></span> <span class='ocrx_word' id='word_1_96' title='bbox 1138 1665 1239 1736; x_wconf 82' lang='lat' dir='ltr'><strong>dictu</strong></span> <span class='ocrx_word' id='word_1_97' title='bbox 1266 1667 1416 1765; x_wconf 79' lang='lat' dir='ltr'><strong>pignera</strong></span> 
     </span>
     <span class='ocr_line' id='line_1_14' title="bbox 357 1785 1418 1886; baseline 0 -26"><span class='ocrx_word' id='word_1_98' title='bbox 357 1791 563 1878; x_wconf 74' lang='lat' dir='ltr'><strong>restituere,</strong></span> <span class='ocrx_word' id='word_1_99' title='bbox 582 1800 621 1860; x_wconf 89' lang='lat' dir='ltr'><strong>et</strong></span> <span class='ocrx_word' id='word_1_100' title='bbox 636 1789 810 1860; x_wconf 83' lang='lat' dir='ltr'><strong>terminus</strong></span> <span class='ocrx_word' id='word_1_101' title='bbox 828 1785 969 1856; x_wconf 82' lang='lat' dir='ltr'><strong>valendi</strong></span> <span class='ocrx_word' id='word_1_102' title='bbox 992 1785 1135 1884; x_wconf 64' lang='lat' dir='ltr'><strong>‘erigere</strong></span> <span class='ocrx_word' id='word_1_103' title='bbox 1153 1785 1250 1858; x_wconf 79' lang='lat' dir='ltr'><strong>dicia</strong></span> <span class='ocrx_word' id='word_1_104' title='bbox 1267 1787 1418 1886; x_wconf 73' lang='lat' dir='ltr'><strong>pignere</strong></span> 
     </span>
     <span class='ocr_line' id='line_1_15' title="bbox 355 1887 1415 2004; baseline 0 -28"><span class='ocrx_word' id='word_1_105' title='bbox 355 1929 517 2004; x_wconf 82' lang='lat' dir='ltr'><strong>unquam</strong></span> <span class='ocrx_word' id='word_1_106' title='bbox 542 1905 691 2002; x_wconf 79' lang='lat' dir='ltr'><strong>incipiat</strong></span> <span class='ocrx_word' id='word_1_107' title='bbox 717 1925 873 1993; x_wconf 84' lang='lat' dir='ltr'><strong>currere,</strong></span> <span class='ocrx_word' id='word_1_108' title='bbox 890 1887 959 1974; x_wconf 86' lang='lat' dir='ltr'><strong>nisi</strong></span> <span class='ocrx_word' id='word_1_109' title='bbox 976 1904 1072 2002; x_wconf 88' lang='lat' dir='ltr'><strong>prius</strong></span> <span class='ocrx_word' id='word_1_110' title='bbox 1090 1900 1186 1990; x_wconf 70' lang='lat' dir='ltr'><strong>heta</strong></span> <span class='ocrx_word' id='word_1_111' title='bbox 1200 1901 1307 1976; x_wconf 79' lang='lat' dir='ltr'><strong>fuerit</strong></span> <span class='ocrx_word' id='word_1_112' title='bbox 1323 1904 1415 1976; x_wconf 68' lang='lat' dir='ltr'><strong>(licta</strong></span> 
     </span>
     <span class='ocr_line' id='line_1_16' title="bbox 356 2023 683 2121; baseline -0.009 -27"><span class='ocrx_word' id='word_1_113' title='bbox 356 2023 474 2115; x_wconf 81' lang='lat' dir='ltr'><strong>eride,</strong></span> <span class='ocrx_word' id='word_1_114' title='bbox 500 2035 540 2094; x_wconf 86' lang='lat' dir='ltr'><strong>ut</strong></span> <span class='ocrx_word' id='word_1_115' title='bbox 567 2045 683 2121; x_wconf 84' lang='lat' dir='ltr'><strong>supra.</strong></span> 
     </span>
    </p>

    <p class='ocr_par' dir='ltr' id='par_1_5' title="bbox 308 2135 1514 3540">
     <span class='ocr_line' id='line_1_17' title="bbox 409 2135 1415 2239; baseline 0.003 -27"><span class='ocrx_word' id='word_1_116' title='bbox 409 2138 556 2214; x_wconf 84' lang='lat' dir='ltr'><strong>CXCII.</strong></span> <span class='ocrx_word' id='word_1_117' title='bbox 584 2137 694 2238; x_wconf 83' lang='lat' dir='ltr'><strong>Quod</strong></span> <span class='ocrx_word' id='word_1_118' title='bbox 716 2142 868 2239; x_wconf 84' lang='lat' dir='ltr'><strong>pignera</strong></span> <span class='ocrx_word' id='word_1_119' title='bbox 893 2136 1046 2210; x_wconf 77' lang='lat' dir='ltr'><strong>indebite</strong></span> <span class='ocrx_word' id='word_1_120' title='bbox 1070 2135 1198 2211; x_wconf 66' lang='lat' dir='ltr'><strong>robure</strong></span> <span class='ocrx_word' id='word_1_121' title='bbox 1224 2143 1415 2215; x_wconf 71' lang='lat' dir='ltr'><strong>restituen-</strong></span> 
     </span>
     <span class='ocr_line' id='line_1_18' title="bbox 358 2259 1244 2358; baseline -0.002 -29"><span class='ocrx_word' id='word_1_122' title='bbox 358 2273 419 2330; x_wconf 81' lang='lat' dir='ltr'><strong>tur·</strong></span> <span class='ocrx_word' id='word_1_123' title='bbox 435 2259 520 2330; x_wconf 79' lang='lat' dir='ltr'><strong>¹sine</strong></span> <span class='ocrx_word' id='word_1_124' title='bbox 546 2261 713 2358; x_wconf 78' lang='lat' dir='ltr'><strong>expensis</strong></span> <span class='ocrx_word' id='word_1_125' title='bbox 738 2271 774 2328; x_wconf 84' lang='lat' dir='ltr'><strong>et</strong></span> <span class='ocrx_word' id='word_1_126' title='bbox 797 2261 1018 2354; x_wconf 75' lang='lat' dir='ltr'><strong>extorsione.</strong></span> <span class='ocrx_word' id='word_1_127' title='bbox 1242 2348 1244 2353; x_wconf 85' lang='lat'><em>.</em></span> 
     </span>
     <span class='ocr_line' id='line_1_19' title="bbox 367 2374 1416 2473; baseline 0.001 -28"><span class='ocrx_word' id='word_1_128' title='bbox 367 2403 369 2408; x_wconf 55' lang='lat'><strong><em>¹</em></strong></span> <span class='ocrx_word' id='word_1_129' title='bbox 408 2376 560 2473; x_wconf 85' lang='lat' dir='ltr'><strong>Pignera</strong></span> <span class='ocrx_word' id='word_1_130' title='bbox 593 2374 719 2446; x_wconf 86' lang='lat' dir='ltr'><strong>robata</strong></span> <span class='ocrx_word' id='word_1_131' title='bbox 742 2398 806 2446; x_wconf 88' lang='lat' dir='ltr'><strong>seu</strong></span> <span class='ocrx_word' id='word_1_132' title='bbox 832 2387 978 2472; x_wconf 75' lang='lat' dir='ltr'><strong>accepta</strong></span> <span class='ocrx_word' id='word_1_133' title='bbox 1003 2386 1041 2444; x_wconf 91' lang='lat' dir='ltr'><strong>et</strong></span> <span class='ocrx_word' id='word_1_134' title='bbox 1066 2399 1136 2472; x_wconf 87' lang='lat' dir='ltr'><strong>que</strong></span> <span class='ocrx_word' id='word_1_135' title='bbox 1161 2375 1290 2448; x_wconf 86' lang='lat' dir='ltr'><strong>amodo</strong></span> <span class='ocrx_word' id='word_1_136' title='bbox 1316 2375 1416 2448; x_wconf 50' lang='lat' dir='ltr'><strong>acci*</strong></span> 
     </span>
     <span class='ocr_line' id='line_1_20' title="bbox 359 2481 1514 2592; baseline 0 -28"><span class='ocrx_word' id='word_1_137' title='bbox 359 2495 503 2592; x_wconf 79' lang='lat' dir='ltr'><strong>pientur</strong></span> <span class='ocrx_word' id='word_1_138' title='bbox 516 2517 581 2592; x_wconf 89' lang='lat' dir='ltr'><strong>per</strong></span> <span class='ocrx_word' id='word_1_139' title='bbox 594 2491 733 2588; x_wconf 86' lang='lat' dir='ltr'><strong>aliquos&#39;</strong></span> <span class='ocrx_word' id='word_1_140' title='bbox 746 2489 881 2564; x_wconf 85' lang='lat' dir='ltr'><strong>iudices</strong></span> <span class='ocrx_word' id='word_1_141' title='bbox 895 2504 1079 2563; x_wconf 81' lang='lat' dir='ltr'><strong>exactores</strong></span> <span class='ocrx_word' id='word_1_142' title='bbox 1092 2515 1156 2564; x_wconf 89' lang='lat' dir='ltr'><strong>seu</strong></span> <span class='ocrx_word' id='word_1_143' title='bbox 1169 2495 1417 2590; x_wconf 80' lang='lat' dir='ltr'><strong>quoscumque</strong></span> <span class='ocrx_word' id='word_1_144' title='bbox 1511 2481 1514 2488; x_wconf 17' lang='grc' dir='ltr'>λ</span> 
     </span>
     <span class='ocr_line' id='line_1_21' title="bbox 359 2595 1418 2710; baseline 0.002 -28"><span class='ocrx_word' id='word_1_145' title='bbox 359 2607 525 2682; x_wconf 84' lang='lat' dir='ltr'><strong>offitiales</strong></span> <span class='ocrx_word' id='word_1_146' title='bbox 541 2595 703 2682; x_wconf 81' lang='lat' dir='ltr'><strong>comunis</strong></span> <span class='ocrx_word' id='word_1_147' title='bbox 716 2607 911 2682; x_wconf 81' lang='lat' dir='ltr'><strong>Mediolani</strong></span> <span class='ocrx_word' id='word_1_148' title='bbox 927 2608 1114 2708; x_wconf 88' lang='lat' dir='ltr'><strong>alioui,qui</strong></span> <span class='ocrx_word' id='word_1_149' title='bbox 1130 2623 1294 2710; x_wconf 87' lang='lat' dir='ltr'><strong>repertus</strong></span> <span class='ocrx_word' id='word_1_150' title='bbox 1311 2608 1418 2688; x_wconf 80' lang='lat' dir='ltr'><strong>luerit</strong></span> 
     </span>
     <span class='ocr_line' id='line_1_22' title="bbox 308 2715 1417 2828; baseline 0.003 -29"><span class='ocrx_word' id='word_1_151' title='bbox 308 2715 322 2744; x_wconf 62' lang='lat'><em>⁶</em></span> <span class='ocrx_word' id='word_1_152' title='bbox 356 2728 508 2800; x_wconf 80' lang='lat' dir='ltr'><strong>solvisse</strong></span> <span class='ocrx_word' id='word_1_153' title='bbox 525 2727 561 2799; x_wconf 91' lang='lat' dir='ltr'><strong>id</strong></span> <span class='ocrx_word' id='word_1_154' title='bbox 577 2751 645 2828; x_wconf 88' lang='lat' dir='ltr'><strong>pro</strong></span> <span class='ocrx_word' id='word_1_155' title='bbox 664 2735 736 2825; x_wconf 93' lang='lat' dir='ltr'><strong>quo</strong></span> <span class='ocrx_word' id='word_1_156' title='bbox 750 2727 897 2799; x_wconf 84' lang='lat' dir='ltr'><strong>robatus</strong></span> <span class='ocrx_word' id='word_1_157' title='bbox 912 2739 976 2819; x_wconf 85' lang='lat' dir='ltr'><strong>est,</strong></span> <span class='ocrx_word' id='word_1_158' title='bbox 990 2725 1046 2799; x_wconf 83' lang='lat' dir='ltr'><strong>vel</strong></span> <span class='ocrx_word' id='word_1_159' title='bbox 1062 2728 1184 2825; x_wconf 91' lang='lat' dir='ltr'><strong>quide</strong></span> <span class='ocrx_word' id='word_1_160' title='bbox 1201 2728 1279 2801; x_wconf 91' lang='lat' dir='ltr'><strong>iure</strong></span> <span class='ocrx_word' id='word_1_161' title='bbox 1296 2727 1417 2802; x_wconf 75' lang='lat' dir='ltr'><strong>robari</strong></span> 
     </span>
     <span class='ocr_line' id='line_1_23' title="bbox 359 2844 1417 2946; baseline 0 -28"><span class='ocrx_word' id='word_1_162' title='bbox 359 2869 434 2918; x_wconf 90' lang='lat' dir='ltr'><strong>uon</strong></span> <span class='ocrx_word' id='word_1_163' title='bbox 460 2845 600 2937; x_wconf 83' lang='lat' dir='ltr'><strong>debuit,</strong></span> <span class='ocrx_word' id='word_1_164' title='bbox 626 2844 729 2924; x_wconf 84' lang='lat' dir='ltr'><strong>reddi</strong></span> <span class='ocrx_word' id='word_1_165' title='bbox 759 2858 798 2916; x_wconf 87' lang='lat' dir='ltr'><strong>et</strong></span> <span class='ocrx_word' id='word_1_166' title='bbox 823 2847 965 2918; x_wconf 87' lang='lat' dir='ltr'><strong>restitui</strong></span> <span class='ocrx_word' id='word_1_167' title='bbox 999 2845 1154 2919; x_wconf 82' lang='lat' dir='ltr'><strong>debeant</strong></span> <span class='ocrx_word' id='word_1_168' title='bbox 1191 2849 1267 2918; x_wconf 88' lang='lat' dir='ltr'><strong>sine</strong></span> <span class='ocrx_word' id='word_1_169' title='bbox 1297 2846 1417 2946; x_wconf 75' lang='lat' dir='ltr'><strong>aliqua</strong></span> 
     </span>
     <span class='ocr_line' id='line_1_24' title="bbox 358 2963 1416 3064; baseline 0.001 -28"><span class='ocrx_word' id='word_1_170' title='bbox 358 2987 598 3064; x_wconf 80' lang='lat' dir='ltr'><strong>expensarum</strong></span> <span class='ocrx_word' id='word_1_171' title='bbox 632 2963 811 3036; x_wconf 91' lang='lat' dir='ltr'><strong>solutione</strong></span> <span class='ocrx_word' id='word_1_172' title='bbox 835 2989 899 3035; x_wconf 90' lang='lat' dir='ltr'><strong>seu</strong></span> <span class='ocrx_word' id='word_1_173' title='bbox 924 2966 1126 3038; x_wconf 78' lang='lat' dir='ltr'><strong>extorsione</strong></span> <span class='ocrx_word' id='word_1_174' title='bbox 1156 2967 1327 3064; x_wconf 79' lang='lat' dir='ltr'><strong>peomne,</strong></span> <span class='ocrx_word' id='word_1_175' title='bbox 1350 2987 1416 3038; x_wconf 86' lang='lat' dir='ltr'><strong>nec</strong></span> 
     </span>
     <span class='ocr_line' id='line_1_25' title="bbox 360 3080 1418 3182; baseline 0.004 -28"><span class='ocrx_word' id='word_1_176' title='bbox 360 3095 547 3155; x_wconf 83' lang='lat' dir='ltr'><strong>teneantur</strong></span> <span class='ocrx_word' id='word_1_177' title='bbox 571 3081 775 3154; x_wconf 87' lang='lat' dir='ltr'><strong>huiusmodi</strong></span> <span class='ocrx_word' id='word_1_178' title='bbox 805 3081 968 3156; x_wconf 83' lang='lat' dir='ltr'><strong>derobati</strong></span> <span class='ocrx_word' id='word_1_179' title='bbox 993 3080 1128 3182; x_wconf 82' lang='lat' dir='ltr'><strong>aliquid</strong></span> <span class='ocrx_word' id='word_1_180' title='bbox 1153 3082 1240 3154; x_wconf 81' lang='lat' dir='ltr'><strong>dere</strong></span> <span class='ocrx_word' id='word_1_181' title='bbox 1270 3085 1418 3158; x_wconf 81' lang='lat' dir='ltr'><strong>notariis</strong></span> 
     </span>
     <span class='ocr_line' id='line_1_26' title="bbox 356 3197 1417 3299; baseline 0.001 -28"><span class='ocrx_word' id='word_1_182' title='bbox 356 3222 427 3299; x_wconf 90' lang='lat' dir='ltr'><strong>pro</strong></span> <span class='ocrx_word' id='word_1_183' title='bbox 451 3197 682 3272; x_wconf 83' lang='lat' dir='ltr'><strong>relessatione</strong></span> <span class='ocrx_word' id='word_1_184' title='bbox 715 3221 782 3272; x_wconf 88' lang='lat' dir='ltr'><strong>nec</strong></span> <span class='ocrx_word' id='word_1_185' title='bbox 813 3200 1043 3272; x_wconf 80' lang='lat' dir='ltr'><strong>servitoribus</strong></span> <span class='ocrx_word' id='word_1_186' title='bbox 1068 3227 1137 3273; x_wconf 89' lang='lat' dir='ltr'><strong>nec</strong></span> <span class='ocrx_word' id='word_1_187' title='bbox 1163 3201 1417 3292; x_wconf 82' lang='lat' dir='ltr'><strong>servientibus,</strong></span> 
     </span>
     <span class='ocr_line' id='line_1_27' title="bbox 360 3319 1419 3421; baseline 0.004 -32"><span class='ocrx_word' id='word_1_188' title='bbox 360 3319 616 3421; x_wconf 81' lang='lat' dir='ltr'><strong>stipendiariis,</strong></span> <span class='ocrx_word' id='word_1_189' title='bbox 643 3320 836 3392; x_wconf 79' lang='lat' dir='ltr'><strong>canevariis</strong></span> <span class='ocrx_word' id='word_1_190' title='bbox 862 3329 930 3392; x_wconf 79' lang='lat' dir='ltr'><strong>nec</strong></span> <span class='ocrx_word' id='word_1_191' title='bbox 955 3320 1206 3414; x_wconf 83' lang='lat' dir='ltr'><strong>servitoribus,</strong></span> <span class='ocrx_word' id='word_1_192' title='bbox 1226 3343 1295 3421; x_wconf 87' lang='lat' dir='ltr'><strong>pro</strong></span> <span class='ocrx_word' id='word_1_193' title='bbox 1320 3343 1419 3393; x_wconf 85' lang='lat' dir='ltr'><strong>recu·</strong></span> 
     </span>
     <span class='ocr_line' id='line_1_28' title="bbox 359 3436 1418 3540; baseline -0.004 -26"><span class='ocrx_word' id='word_1_194' title='bbox 359 3439 544 3538; x_wconf 82' lang='lat' dir='ltr'><strong>peratione</strong></span> <span class='ocrx_word' id='word_1_195' title='bbox 568 3436 771 3509; x_wconf 90' lang='lat' dir='ltr'><strong>huiusmodi</strong></span> <span class='ocrx_word' id='word_1_196' title='bbox 795 3438 998 3537; x_wconf 76' lang='lat' dir='ltr'><strong>pignerum,</strong></span> <span class='ocrx_word' id='word_1_197' title='bbox 1030 3452 1067 3510; x_wconf 88' lang='lat' dir='ltr'><strong>ct</strong></span> <span class='ocrx_word' id='word_1_198' title='bbox 1091 3441 1122 3508; x_wconf 89' lang='lat' dir='ltr'><strong>si</strong></span> <span class='ocrx_word' id='word_1_199' title='bbox 1144 3438 1275 3538; x_wconf 78' lang='lat' dir='ltr'><strong>aliquis</strong></span> <span class='ocrx_word' id='word_1_200' title='bbox 1297 3439 1418 3540; x_wconf 90' lang='lat' dir='ltr'><strong>predi·</strong></span> 
     </span>
    </p>
   </div>
   <div class='ocr_carea' id='block_1_4' title="bbox 206 3551 1419 3658">
    <p class='ocr_par' dir='ltr' id='par_1_6' title="bbox 206 3551 1419 3658">
     <span class='ocr_line' id='line_1_29' title="bbox 206 3551 1419 3658; baseline 0.003 -34"><span class='ocrx_word' id='word_1_201' title='bbox 206 3555 207 3560; x_wconf 72' lang='grc'>’</span> <span class='ocrx_word' id='word_1_202' title='bbox 336 3621 339 3626; x_wconf 88' lang='grc'><em>,</em></span> <span class='ocrx_word' id='word_1_203' title='bbox 360 3567 500 3627; x_wconf 77' lang='lat' dir='ltr'><strong>storum</strong></span> <span class='ocrx_word' id='word_1_204' title='bbox 517 3551 651 3654; x_wconf 86' lang='lat' dir='ltr'><strong>aliquid</strong></span> <span class='ocrx_word' id='word_1_205' title='bbox 668 3556 846 3654; x_wconf 85' lang='lat' dir='ltr'><strong>receperit</strong></span> <span class='ocrx_word' id='word_1_206' title='bbox 858 3555 903 3626; x_wconf 81' lang='lat' dir='ltr'><strong>ab</strong></span> <span class='ocrx_word' id='word_1_207' title='bbox 916 3557 1037 3654; x_wconf 82' lang='lat' dir='ltr'><strong>aliquo</strong></span> <span class='ocrx_word' id='word_1_208' title='bbox 1050 3556 1222 3635; x_wconf 84' lang='lat' dir='ltr'><strong>derobato</strong></span> <span class='ocrx_word' id='word_1_209' title='bbox 1239 3569 1282 3628; x_wconf 88' lang='lat' dir='ltr'><strong>ut</strong></span> <span class='ocrx_word' id='word_1_210' title='bbox 1297 3581 1419 3658; x_wconf 87' lang='lat' dir='ltr'><strong>supra,</strong></span> 
     </span>
    </p>
   </div>
   <div class='ocr_carea' id='block_1_5' title="bbox 360 3671 1476 3896">
    <p class='ocr_par' dir='ltr' id='par_1_7' title="bbox 360 3671 1476 3896">
     <span class='ocr_line' id='line_1_30' title="bbox 360 3671 1419 3774; baseline 0.005 -31"><span class='ocrx_word' id='word_1_211' title='bbox 360 3671 648 3774; x_wconf 85' lang='lat' dir='ltr'><strong>condempnetur</strong></span> <span class='ocrx_word' id='word_1_212' title='bbox 673 3687 819 3746; x_wconf 84' lang='lat' dir='ltr'><strong>exactor</strong></span> <span class='ocrx_word' id='word_1_213' title='bbox 844 3676 880 3744; x_wconf 86' lang='lat' dir='ltr'><strong>in</strong></span> <span class='ocrx_word' id='word_1_214' title='bbox 905 3673 1006 3748; x_wconf 86' lang='lat' dir='ltr'><strong>libris</strong></span> <span class='ocrx_word' id='word_1_215' title='bbox 1029 3673 1157 3749; x_wconf 81' lang='lat' dir='ltr'><strong>decem</strong></span> <span class='ocrx_word' id='word_1_216' title='bbox 1182 3673 1419 3770; x_wconf 82' lang='lat' dir='ltr'><strong>tertiolorum,</strong></span> 
     </span>
     <span class='ocr_line' id='line_1_31' title="bbox 361 3769 1476 3896; baseline 0.001 -33"><span class='ocrx_word' id='word_1_217' title='bbox 361 3805 398 3864; x_wconf 86' lang='lat' dir='ltr'><strong>et</strong></span> <span class='ocrx_word' id='word_1_218' title='bbox 417 3769 552 3866; x_wconf 58' lang='lat' dir='ltr'><strong>”notarii</strong></span> <span class='ocrx_word' id='word_1_219' title='bbox 577 3795 613 3864; x_wconf 88' lang='lat' dir='ltr'><strong>in</strong></span> <span class='ocrx_word' id='word_1_220' title='bbox 638 3791 750 3866; x_wconf 88' lang='lat' dir='ltr'><strong>soldis</strong></span> <span class='ocrx_word' id='word_1_221' title='bbox 776 3806 921 3864; x_wconf 87' lang='lat' dir='ltr'><strong>centum</strong></span> <span class='ocrx_word' id='word_1_222' title='bbox 942 3794 1091 3886; x_wconf 85' lang='lat' dir='ltr'><strong>tertiol,</strong></span> <span class='ocrx_word' id='word_1_223' title='bbox 1110 3809 1146 3867; x_wconf 87' lang='lat' dir='ltr'><strong>et</strong></span> <span class='ocrx_word' id='word_1_224' title='bbox 1167 3793 1419 3896; x_wconf 79' lang='lat' dir='ltr'><strong>canevayrol&#39;us</strong></span> <span class='ocrx_word' id='word_1_225' title='bbox 1474 3857 1476 3864; x_wconf 15' lang='grc' dir='ltr'><em>Α</em></span> 
     </span>
    </p>
   </div>
   <div class='ocr_carea' id='block_1_6' title="bbox 246 3909 1419 4015">
    <p class='ocr_par' dir='ltr' id='par_1_8' title="bbox 246 3909 1419 4015">
     <span class='ocr_line' id='line_1_32' title="bbox 246 3909 1419 4015; baseline 0.001 -33"><span class='ocrx_word' id='word_1_226' title='bbox 246 3939 248 3944; x_wconf 96' lang='grc'><strong><em>·</em></strong></span> <span class='ocrx_word' id='word_1_227' title='bbox 361 3911 396 3982; x_wconf 91' lang='lat' dir='ltr'><strong>in</strong></span> <span class='ocrx_word' id='word_1_228' title='bbox 425 3909 490 3981; x_wconf 91' lang='lat' dir='ltr'><strong>sol.</strong></span> <span class='ocrx_word' id='word_1_229' title='bbox 517 3913 697 4011; x_wconf 79' lang='lat' dir='ltr'><strong>sexaginta</strong></span> <span class='ocrx_word' id='word_1_230' title='bbox 724 3911 865 4002; x_wconf 83' lang='lat' dir='ltr'><strong>tertiol,</strong></span> <span class='ocrx_word' id='word_1_231' title='bbox 885 3925 921 3986; x_wconf 88' lang='lat' dir='ltr'><strong>et</strong></span> <span class='ocrx_word' id='word_1_232' title='bbox 938 3914 1087 3987; x_wconf 83' lang='lat' dir='ltr'><strong>servitor</strong></span> <span class='ocrx_word' id='word_1_233' title='bbox 1108 3927 1144 3986; x_wconf 90' lang='lat' dir='ltr'><strong>et</strong></span> <span class='ocrx_word' id='word_1_234' title='bbox 1169 3915 1419 4015; x_wconf 83' lang='lat' dir='ltr'><strong>stipendiarius</strong></span> 
     </span>
    </p>
   </div>
   <div class='ocr_carea' id='block_1_7' title="bbox 361 4027 1419 4132">
    <p class='ocr_par' dir='ltr' id='par_1_9' title="bbox 361 4027 1419 4132">
     <span class='ocr_line' id='line_1_33' title="bbox 361 4027 1419 4132; baseline 0.008 -34"><span class='ocrx_word' id='word_1_235' title='bbox 361 4029 397 4098; x_wconf 90' lang='lat' dir='ltr'><strong>in</strong></span> <span class='ocrx_word' id='word_1_236' title='bbox 417 4027 525 4100; x_wconf 91' lang='lat' dir='ltr'><strong>soldis</strong></span> <span class='ocrx_word' id='word_1_237' title='bbox 542 4029 666 4127; x_wconf 85' lang='lat' dir='ltr'><strong>viginti</strong></span> <span class='ocrx_word' id='word_1_238' title='bbox 682 4031 813 4104; x_wconf 88' lang='lat' dir='ltr'><strong>tertiol.</strong></span> <span class='ocrx_word' id='word_1_239' title='bbox 831 4057 899 4132; x_wconf 88' lang='lat' dir='ltr'><strong>pro</strong></span> <span class='ocrx_word' id='word_1_240' title='bbox 917 4031 1084 4130; x_wconf 86' lang='lat' dir='ltr'><strong>quolibet</strong></span> <span class='ocrx_word' id='word_1_241' title='bbox 1099 4045 1135 4110; x_wconf 80' lang='lat' dir='ltr'><strong>et</strong></span> <span class='ocrx_word' id='word_1_242' title='bbox 1153 4027 1316 4130; x_wconf 80' lang='lat' dir='ltr'><strong>qualibet</strong></span> <span class='ocrx_word' id='word_1_243' title='bbox 1332 4033 1419 4123; x_wconf 87' lang='lat' dir='ltr'><strong>vice,</strong></span> 
     </span>
    </p>
   </div>
   <div class='ocr_carea' id='block_1_8' title="bbox 0 0 1722 5054">
    <p class='ocr_par' dir='ltr' id='par_1_10' title="bbox 0 0 1722 5054">
     <span class='ocr_line' id='line_1_34' title="bbox 0 0 1722 5054; baseline 0 0"><span class='ocrx_word' id='word_1_244' title='bbox 0 0 1722 5054; x_wconf 95' lang='lat' dir='ltr'><strong> </strong></span> 
     </span>
    </p>
   </div>
  </div>
 </body>
</html>
