3416 5054
447 321 526 400 430

448 439 496 510 de
521 436 762 512 custodiendo
782 436 876 510 bene
900 449 938 509 et
960 435 1121 536 legaliter
1139 439 1264 512 omnes
1289 450 1505 532 carceratos,
1538 417 1541 422 ¹

447 557 512 654 qui
538 556 733 655 consignati
758 553 894 626 luerint
917 554 1079 649 sibi,'vel
1105 558 1143 626 in
1167 554 1272 628 dictis
1289 557 1502 649 carceribus,

448 688 485 747 et
506 675 555 747 de
580 675 663 772 ipsis
688 676 877 745 carceratis
894 675 931 743 in
947 670 1026 746 [ine'
1035 671 1142 746 offitii
1168 673 1227 744 sui
1248 675 1501 775 consignandis

446 792 595 865 domino
621 791 791 891 potestati
814 790 872 862 vel
897 791 957 862 alii
978 790 1170 864 iusdicenti
1184 817 1257 864 seu
1280 817 1348 864 suo
1364 817 1502 866 succes·

446 911 537 1002 sori,
563 911 626 1006 qui
650 911 687 980 in
713 909 775 980 illo
801 905 917 980 offitio
941 904 1052 980 fuerit
1077 909 1373 981 constitutus'vel
1398 909 1502 984 relas·

447 1041 562 1118 setun,
575 1039 612 1098 et
630 1025 676 1098 de
694 1025 868 1098 solvendo
886 1027 1031 1097 comuni
1045 1024 1240 1098 Mediolani
1254 1053 1321 1125 per
1339 1041 1499 1127 tempora

448 1141 613 1217 ordinata
629 1143 795 1216 denarios
812 1144 868 1214 sui
884 1144 1059 1236 incantus,
1077 1157 1115 1216 et
1131 1144 1178 1216 de
1192 1163 1269 1216 non
1279 1145 1498 1246 accipiendo

447 1261 543 1333 ultra
559 1314 820 1334 ..........
838 1261 891 1333 eis
918 1285 1086 1334 concessa
1105 1287 1173 1362 per
1190 1276 1319 1336 statuta
1337 1262 1497 1336 comunis

447 1378 659 1471 Mediolani,
685 1377 791 1452 etde
817 1378 1007 1474 servando
1023 1391 1059 1451 et
1083 1383 1215 1454 servari
1243 1379 1404 1455 faciendo
1429 1393 1498 1454 tam

447 1521 514 1599 per
541 1521 578 1569 se
604 1523 712 1596 quam
738 1522 805 1598 per
830 1495 920 1570 alios
939 1501 1199 1570 'conversantes
1225 1498 1270 1570 ad
1293 1500 1391 1598 ipsos
1422 1523 1496 1570 ear·

449 1639 551 1710 ceres
576 1617 695 1688 omnia
722 1627 854 1689 statuta
877 1617 1041 1687 comunis
1068 1613 1283 1708 Mediolani,
1313 1614 1382 1689 sub
1407 1639 1497 1717 pena

446 1733 493 1805 ad
525 1733 661 1807 demini
692 1735 876 1832 potestatis
917 1735 1139 1807 voluntatem'
1170 1733 1397 1825 sufferenda
1429 1757 1497 1834 que

447 1850 630 1924 satisdatio
655 1849 719 1923 liat
743 1875 808 1951 per
832 1875 944 1923 uuum
961 1876 1006 1924 es
1022 1854 1169 1932 notariis
1194 1850 1423 1924 dominorum
1442 1878 1498 1926 ser
1550 1929 1554 1936 ,

442 1967 504 2044 ¹vel
529 1993 639 2041 unum
666 1967 777 2042 alium
800 1970 1049 2043 notarium'ex
1080 1970 1229 2042 notariis
1254 1969 1301 2042 de
1331 1969 1499 2069 pilastro,

446 2097 558 2187 prout
582 2086 718 2160 dictum
734 2099 788 2160 est
804 2086 849 2160 de
865 2087 1098 2164 satisdatione
1118 2111 1346 2186 campsorum
1373 2087 1500 2188 eligen-

446 2203 575 2308 dorum
599 2229 665 2305 per
690 2205 807 2304 ipsum
832 2204 1017 2291 dominum
1043 2217 1278 2305 potestatem,
1295 2218 1332 2278 et
1348 2229 1428 2280 eam
1446 2231 1498 2278 sa·

446 2313 671 2396 tisdationem
698 2335 862 2396 teneatur
887 2323 1054 2396 dominus
1079 2335 1239 2423 potestas
1263 2322 1379 2395 lacere
1399 2326 1499 2424 regi·

446 2441 551 2542 strari
582 2441 628 2513 ad
653 2464 828 2513 cameram
863 2443 1024 2512 comunis
1055 2439 1274 2533 Mediolani,
1307 2439 1376 2512 sub
1405 2467 1497 2541 pena

446 2555 615 2630 librarum
649 2571 793 2655 centum
827 2558 958 2630 tertiol.
985 2559 1053 2658 ipsi
1070 2551 1227 2630 'domino
1256 2560 1429 2656 potestati
1453 2558 1499 2631 de

447 2701 511 2748 suo
541 2674 669 2749 salario
685 2676 869 2748 retinenda
895 2702 961 2777 pro
987 2675 1150 2775 qualibet
1171 2674 1405 2748 satisdatione
1426 2701 1499 2750 non

334 2841 336 2846 ,
445 2796 646 2897 registrata.
674 2793 746 2884 Qui
762 2797 972 2895 superstites
998 2795 1157 2900 habeant
1173 2818 1240 2893 pro
1257 2820 1320 2868 sua
1339 2793 1499 2868 custodia

445 2914 641 2986 secundum
655 2913 881 2986 infradictum
899 2912 1061 3004 modum,
1074 2913 1235 2984 videlicet
1251 2937 1319 3011 pro
1337 2914 1500 2988 custodia

445 3031 634 3104 cuiuslibet
651 3033 823 3106 carcerati
838 3057 906 3131 pro
923 3031 1094 3132 introytu,
1109 3030 1295 3120 stallatico‚
1312 3031 1498 3106 lumin'erio

444 3161 481 3222 et
505 3150 601 3222 lecto
636 3148 802 3223 denarios
835 3177 896 3224 sex
929 3150 1060 3223 tertiol.
1094 3175 1162 3248 pro
1190 3148 1353 3247 quolibet
1380 3149 1438 3222 die
1461 3163 1499 3223 et

444 3281 553 3342 nocte
566 3279 602 3341 et
614 3292 687 3340 non
700 3268 808 3362 ultra,
823 3280 859 3340 et
871 3294 938 3368 pro
950 3266 1064 3367 bogiis
1079 3266 1254 3368 ponendis
1266 3279 1304 3340 et
1318 3267 1498 3344 trahendis

443 3388 585 3486 possint
610 3383 732 3461 haberi
757 3413 777 3460 a
804 3385 965 3486 quolibet
995 3401 1177 3460 carcerato
1212 3385 1377 3458 denarios
1412 3385 1499 3459 duo-

443 3504 561 3579 decim
587 3505 719 3577 tertiol.
737 3517 781 3578 et¹
799 3530 874 3576 non
900 3503 1008 3597 ultra,
1025 3517 1062 3577 et
1077 3529 1146 3604 pro
1164 3500 1365 3576 stallaticho
1385 3505 1499 3576 cuius-

442 3618 531 3696 libet
556 3611 669 3696 bestie
687 3608 871 3696 'denarios
904 3635 1059 3723 quatuor
1076 3612 1151 3721 'pro
1178 3621 1337 3720 qualibet
1360 3623 1437 3695 viee
1462 3623 1495 3693 in

444 3739 502 3812 die
528 3725 573 3813 et*
589 3754 711 3830 noctc;
731 3754 768 3812 et
786 3739 939 3838 quilibet
964 3742 1065 3812 cuius
1091 3739 1222 3814 luerint
1245 3739 1342 3819 dicte
1367 3738 1498 3829 bestie,

443 3859 557 3957 possit
591 3883 709 3932 emere
748 3873 784 3932 et
816 3859 949 3933 habere
986 3857 1115 3933 cibum·
1139 3872 1188 3931 et·
1206 3869 1333 3957 potum
1370 3859 1425 3930 sui
1462 3843 1499 3930 et

442 3973 636 4047 bestiarum
664 4001 807 4049 suarum
835 3977 1085 4078 undecumque
1111 3959 1264 4048 voluerit
1286 3975 1331 4048 ad
1359 3976 1414 4045 sui
1439 3997 1498 4045 vo·

443 4089 634 4184 luntatem3
653 4107 690 4166 et
707 4119 750 4166 ea
768 4097 960 4167 occasione
978 4117 1051 4166 non
1068 4096 1207 4193 possint
1224 4093 1310 4166 dicti
1332 4089 1498 4166 custodes
