3416 5054
413 293 565 500 brzolcto,
587 422 697 508 prout
719 399 879 507 placebit
897 407 1044 480 domino
1061 407 1243 505 potestati,
1258 419 1297 480 et
1312 387 1484 482 habesue*

347 543 351 552 '
409 549 476 626 pro
504 525 666 624 quolibet
690 521 812 598 soldos
836 525 930 598 duos
956 524 1184 597 tertiolorum
1211 526 1248 596 in
1275 523 1344 598 die.

463 643 591 716 XCIX.
607 643 715 741 Quod
722 647 833 717 liceat
845 641 991 716 cuilibet
1005 647 1147 715 mittere
1158 640 1468 744 quemlidctscrvi

412 778 546 851 torem,
564 765 669 834 etium
689 767 723 833 si
739 785 812 833 non
829 766 874 832 sit
891 761 935 832 dc
951 759 1186 834 servitoribus
1207 761 1468 862 ntnlcfitiorum.

459 879 585 952 Liceat
601 878 752 951 cuilibet
766 881 911 950 mittere
929 877 1129 975 quemlibet
1146 879 1368 971 servitorem,
1382 877 1469 952 licet

413 1001 486 1068 non
512 999 561 1068 sit
586 995 631 1068 de
658 995 889 1069 servitoribus
914 986 1193 1088 maleficiorum,
1224 996 1288 1068 ubi
1320 1000 1470 1072 necesse

408 1111 518 1188 fuerit
531 1169 542 1205 ,
574 1138 641 1214 pro
666 1113 885 1212 requirendo
916 1128 954 1186 et
985 1139 1050 1214 pro
1084 1111 1306 1214 parificuudo
1336 1126 1374 1186 et
1399 1112 1468 1188 alia

409 1231 584 1324 faciendo,
603 1257 676 1330 qne
689 1230 808 1317 fecere
822 1245 972 1330 possent
988 1234 1180 1304 servitores
1196 1227 1468 1324 melentosum,

409 1349 581 1424 innodato
607 1364 728 1422 tamen
753 1347 881 1422 indicis
913 1349 1192 1440 malefitiornm3
1225 1363 1263 1424 et
1288 1348 1388 1447 quod
1413 1353 1467 1425 iu-

404 1453 512 1540 'dices
544 1463 797 1539 ntalefitiorurn
830 1481 1017 1567 presentes
1048 1481 1086 1540 et
1123 1467 1235 1541 futuri
1275 1479 1467 1542 teneantur
1569 1485 1573 1501 '

411 1585 497 1657 dere
527 1598 565 1658 et
594 1584 792 1657 concedere
822 1599 1006 1684 requestas
1036 1601 1073 1658 et
1096 1600 1270 1688 precepta
1303 1585 1468 1684 quelibet

410 1703 489 1774 aliis
526 1707 635 1776 etiam
671 1705 907 1776 servitoribus
947 1703 1227 1796 malefitiornm,
1269 1705 1337 1778 sub
1372 1730 1466 1804 peno

408 1817 582 1892 libroruin
608 1823 899 1920 vigintiquinque
926 1823 1153 1896 tertiolurnm
1179 1823 1330 1897 cuilibet
1357 1823 1466 1897 iudici

406 1939 575 2037 qualibet
599 1940 685 2011 vice.
811 1993 820 2016 i

462 2054 501 2127 C.
528 2057 584 2128 De
608 2056 842 2132 servnortbus
866 2056 971 2160 offiffi
995 2059 1188 2136 dutioewn.

458 2175 655 2248 Servitores
682 2174 788 2248 offitii
816 2176 992 2249 detiorum
1023 2179 1094 2250 sint
1120 2190 1216 2267 tres,
1247 2191 1285 2249 et
1310 2178 1465 2252 habeant

407 2317 475 2391 pro
500 2293 664 2390 quolibet
689 2293 753 2365 sol.
781 2292 871 2366 duos
899 2294 1127 2368 tertiolorum
1152 2299 1192 2368 in
1218 2295 1288 2368 die.

457 2407 516 2488 01.
539 2411 591 2482 De
607 2411 841 2484 servitoribus
857 2411 966 2514 ‹ffltii
984 2412 1222 2511 dampnorum
1240 2414 1418 2486 clitonem.

455 2527 651 2601 Servitores
679 2527 780 2601 offitii
806 2529 1046 2628 dampnorum
1073 2531 1241 2604 datorum
1268 2534 1342 2604 sint
1371 2531 1462 2622 duo,

349 2683 352 2689 ·
405 2659 443 2716 et
470 2645 629 2734 habeant
661 2672 730 2746 pro
766 2648 931 2747 quolibet
965 2648 1086 2720 suldus
1112 2647 1203 2722 duos
1237 2650 1463 2724 tertiolorum

405 2764 442 2833 in
469 2764 548 2856 die,
573 2789 645 2862 que
671 2791 795 2837 omnes
825 2767 1023 2840 solutiones
1054 2764 1143 2839 fiant
1174 2768 1281 2840 dictis
1312 2768 1463 2843 servitu-

405 2883 506 2955 ribns
541 2882 587 2978 de
613 2907 719 2956 avere
751 2885 914 2956 comunis
949 2885 1171 2976 llediolani3
1202 2900 1242 2960 et
1274 2899 1463 2962 teneantur

403 3001 472 3100 ipsi
489 3026 612 3072 omncs
629 3005 819 3076 servitores
838 3016 875 3076 et
893 3003 1047 3103 quilibet
1063 3029 1188 3076 eorum
1211 3004 1332 3078 facere
1352 3007 1473 3104 gratis

403 3129 442 3190 et
458 3119 535 3189 sine
551 3118 622 3189 alia
635 3119 814 3192 solutione
832 3146 955 3193 omnes
974 3123 1161 3195 citationes
1179 3137 1216 3196 et
1233 3124 1461 3214 ambasiatas,
1582 3111 1584 3122 ’

405 3262 477 3334 que
501 3232 630 3308 fierent
655 3262 721 3335 pro
747 3237 849 3310 factis
875 3242 1036 3313 comunis
1064 3240 1273 3334 Mediolani,
1290 3255 1327 3316 ct
1351 3243 1460 3316 etiem
1536 3279 1542 3289 κ

401 3379 511 3455 super
536 3355 834 3453 inquisitionibus
859 3371 897 3428 et
913 3358 1023 3430 etiam
1039 3385 1149 3458 super
1173 3363 1318 3434 uccuxis
1335 3385 1459 3436 eorum

402 3473 564 3570 quinon
589 3487 737 3573 possent
760 3474 918 3567 solvere,
952 3491 989 3548 et
1022 3479 1108 3550 item
1134 3478 1254 3552 omnio
1284 3503 1362 3580 que
1380 3475 1459 3554 steri

401 3591 540 3664 debent
575 3618 639 3692 per
672 3618 733 3665 eos
767 3594 805 3666 in
838 3594 922 3692 ipsis
957 3596 1044 3691 suis·
1062 3593 1184 3670 offitiis
1215 3623 1282 3696 pro
1314 3597 1460 3670 comuni

403 3706 618 3801 Mediolani,
643 3711 713 3782 sub
740 3736 835 3811 pena
861 3710 1035 3784 librarum
1060 3739 1128 3786 xxv
1151 3715 1397 3806 tertiolorum
1419 3727 1460 3794 et

477 3981 635 4066 aeonius
659 4015 808 4072 neuunnt
824 4017 859 4073 te
875 4017 1056 4075 {nussum
1072 4021 1161 4076 vesus
1185 4024 1236 4076 su
1260 4020 1363 4078 trous
1378 3997 1450 4088 stul,

479 4115 493 4144 u
511 4094 591 4150 rottei
603 4097 764 4169 omnisque,
774 4101 823 4174 qui
835 4117 896 4158 csse
908 4102 1036 4162 dicuutur
1047 4117 1164 4160 numero
1175 4104 1273 4176 viginti
1284 4121 1355 4178 unus
1363 4109 1415 4160 etc
1435 4129 1447 4152 »ι
