3338 5042
418 253 488 324 tte

420 441 423 448 ,
464 363 592 436 CCXI.
620 367 676 463 De
701 371 987 442 remuneratione
1012 375 1247 470 superstitum
1263 395 1339 471 pro
1355 379 1487 473 captis

412 509 464 560 eac
482 492 626 587 privata
652 511 774 562 causa.
1389 495 1392 502 ⁴

463 605 557 696 Quia
582 630 668 706 sepe
694 607 868 704 contingit
893 607 991 704 quod
1017 608 1125 706 aliqui
1149 633 1217 707 pro
1243 610 1363 706 parvis
1390 629 1483 680 con»

400 723 630 805 dictionibus
656 723 883 816 detinentur,
905 728 969 824 qui
993 725 1168 800 velociter
1191 725 1431 820 celassentur,
1455 753 1482 800 a

356 853 359 860 '
413 844 546 941 quibus
572 844 762 942 exiguntur
787 867 918 954 magne
943 868 1098 944 expense
1124 870 1192 944 pro
1219 846 1395 943 introytu,
1413 868 1481 943 po÷

413 962 562 1036 testaria
594 975 631 1034 et
662 961 784 1035 multis
820 962 900 1034 aliis
932 961 1069 1036 illicitis
1104 961 1380 1053 occursionibus,
1404 989 1480 1060 que

412 1080 617 1153 ascendunt
629 1105 716 1178 sepe
737 1078 962 1177 ultraquam
980 1083 1025 1154 sit
1040 1080 1252 1180 principalis
1274 1103 1392 1171 causa,
1410 1105 1478 1180 pro

412 1226 485 1299 qua
511 1200 734 1289 detinentur,
752 1199 919 1271 statuitur
936 1200 1034 1297 quod
1059 1226 1126 1299 pro
1151 1203 1308 1300 introytn
1325 1208 1364 1272 et
1381 1201 1478 1272 exitu

413 1343 489 1390 non
502 1319 666 1416 exigatur
677 1315 812 1415 aliquid
827 1315 922 1388 ultra
935 1319 1060 1415 imper.
1078 1317 1274 1414 quindicirn
1287 1318 1333 1390 ad
1351 1341 1479 1416 super-

416 1449 553 1526 totum3
579 1448 616 1508 et
640 1432 710 1508 hoc
735 1437 767 1508 si
792 1461 865 1506 non
892 1437 1059 1509 steterint
1078 1437 1173 1536 capti
1190 1436 1284 1508 ultra
1301 1438 1375 1508 dies
1395 1451 1478 1528 tres,

414 1567 452 1628 et
478 1556 580 1628 aliter
604 1579 697 1646 non,
724 1567 762 1628 et
795 1579 863 1654 pro
888 1552 992 1654 bogis
1022 1555 1200 1652 ponendis
1233 1567 1270 1628 ct
1297 1555 1478 1628 trahendis

413 1672 572 1748 habeant
592 1672 767 1746 denarios
784 1671 975 1744 duodecim
993 1672 1139 1765 tertiol,
1158 1685 1196 1745 et
1214 1672 1336 1744 nullus
1353 1673 1479 1748 debeat

415 1797 452 1865 in
478 1818 572 1892 cepo
597 1795 702 1892 poni,
728 1794 800 1863 'nisi
831 1791 878 1862 sit
911 1791 1077 1864 detentus
1112 1818 1180 1890 pro
1212 1789 1407 1885 malefitio,
1434 1819 1476 1866 cr

417 1939 490 2014 quo
515 1937 611 2012 pena
637 1910 818 2008 sanguinis
845 1911 1036 2006 ingeratur.

468 2027 614 2102 CCXII.
641 2028 697 2100 De
722 2027 792 2100 lziis
813 2031 877 2128 qui
891 2053 965 2100 non
980 2043 1131 2126 possunt
1148 2033 1336 2100 incantare
1353 2054 1478 2104 carce·

415 2175 487 2240 res,
513 2172 580 2220 nec
605 2144 743 2218 habere
762 2161 908 2246 partem
934 2150 973 2216 in
1000 2145 1097 2218 datio
1123 2171 1326 2218 carcerum.

466 2264 596 2340 Nullus
622 2277 751 2363 captus
769 2290 834 2336 seu
851 2265 1007 2364 scriptus
1025 2261 1070 2336 ad
1094 2287 1255 2338 carceres
1281 2289 1348 2363 pro
1373 2279 1479 2365 capto

415 2387 534 2487 possit
560 2408 724 2455 carceres
750 2384 933 2455 incantare
958 2406 1023 2454 nec
1049 2383 1225 2470 incantari
1250 2380 1387 2474 lacere,
1413 2410 1480 2458 nec

416 2503 551 2580 datium
565 2527 748 2574 carcerum
760 2499 908 2592 habere,
918 2525 985 2574 nec
1000 2501 1109 2574 etiam
1120 2503 1237 2600 possit
1250 2527 1330 2576 esse
1344 2499 1483 2576 fideius-

419 2645 479 2692 sor
506 2620 709 2720 superstitis
728 2643 792 2691 seu
810 2621 1042 2691 incantatoris
1061 2644 1244 2692 carcerum
1259 2646 1269 2710 3
1286 2633 1324 2694 et
1340 2621 1372 2692 si
1389 2647 1481 2723 quo-

417 2765 494 2843 quo
510 2740 621 2811 modo
639 2750 766 2811 contra
783 2735 900 2832 lieret,
913 2765 988 2811 non
1004 2739 1141 2829 valeat3
1155 2751 1199 2812 et
1215 2737 1287 2812 hoc
1304 2751 1480 2814 statutum

418 2859 465 2930 sit
490 2860 694 2958 precisum,
720 2869 756 2930 et
780 2883 854 2928 non
880 2859 997 2956 possit
1021 2857 1135 2930 eidem
1162 2859 1371 2930 renuntiari.
1472 2901 1477 2910 ·

469 2975 633 3048 CCXIII.
664 2973 774 3072 Quod
786 2981 991 3076 superstites
1008 3001 1201 3048 carcerum
1224 2981 1300 3050 suis
1316 2981 1483 3078 expensis

405 3095 546 3194 finiant
577 3108 780 3196 exportare
812 3111 847 3166 et
878 3098 1023 3194 sepeliri
1042 3119 1222 3194 pauperes
1253 3109 1417 3168 mortuos
1444 3102 1480 3168 in

418 3211 638 3288 carceribus.

469 3332 688 3432 Superstites
706 3352 888 3404 carcerum
908 3345 1098 3406 teneantur
1115 3330 1234 3406 facere
1248 3334 1429 3431 exportari
1445 3345 1484 3404 et

418 3451 564 3555 sepeliri
589 3453 661 3524 suis
686 3453 850 3552 expensis
871 3476 996 3524 omnes
1021 3463 1225 3524 carceratos
1253 3464 1416 3523 mortuos
1443 3451 1480 3522 in

494 3651 605 3708 meruit.
630 3653 799 3722 Exgravator
825 3656 974 3707 extraneus
999 3651 1064 3706 huic
1089 3650 1193 3707 civitati
1214 3667 1277 3707 esse
1301 3651 1420 3708 debebat
1447 3656 1477 3706 et

494 3733 628 3794 familiam
645 3737 827 3792 domesticam
850 3752 944 3792 secum
962 3735 1065 3792 habere
1087 3733 1243 3807 prohibitus
1265 3740 1332 3793 erat.
1351 3736 1383 3792 ai
1399 3729 1483 3791 sum·'

493 3820 582 3877 maria
603 3837 636 3877 ac
659 3822 719 3876 sine
743 3821 820 3878 omni
841 3820 1027 3892 appellatione
1050 3821 1226 3896 querelarum
1249 3835 1346 3878 eorum
1370 3819 1474 3876 civium

497 3905 617 3976 cognitio
635 3921 667 3962 ae
679 3906 784 3961 decisio
795 3901 981 3976 competebat,
993 3906 1042 3981 qui
1053 3922 1070 3960 a
1080 3906 1179 3980 quovis
1189 3905 1315 3961 ministro
1327 3909 1376 3962 aut
1384 3903 1475 3961 iudice

491 4007 522 4046 se
538 3990 664 4048 indebite
675 3996 801 4063 gravatos
817 3993 979 4061 crederent,
996 3997 1082 4066 atque
1095 3997 1125 4048 nt
1143 3995 1219 4048 recte
1237 3991 1340 4050 iustitie
1352 3988 1468 4048 cuilibet

437 4067 441 4076 ⁴
493 4074 718 4147 ministraretur,
736 4093 836 4136 cavere
854 4078 913 4148 ipse
931 4077 1087 4136 tenebatur.
