3416 5054
399 283 449 350 68

397 396 491 467 illius
519 394 598 468 tabs
622 394 774 492 legantis
797 397 1082 494 suprascriptum
1108 410 1310 495 punctum,
1339 411 1380 470 et
1403 399 1448 472 ad

350 561 357 572 =
398 516 513 612 ipsam
539 535 718 584 cameram
738 511 855 584 lacere
878 513 1062 612 registrari
1085 527 1292 606 teneantur,
1318 529 1357 590 et
1382 520 1455 618 ipsi

397 631 534 734 domini
566 655 626 702 sex
661 631 779 728 ipsum
812 643 984 728 punctum
1018 629 1136 704 fucere
1154 663 1158 671 ·
1175 634 1357 730 registrari
1397 649 1450 706 te·

396 760 569 838 neantur3
587 747 749 846 dictique
775 747 911 828 domiui
931 770 993 827 sex
1017 761 1209 820 teneantur
1230 763 1270 825 et
1294 749 1455 826 debeant

397 866 516 940 modis
542 865 709 940 omnibus
735 890 801 936 suo
828 887 932 964 posse
958 863 1044 938 dare
1075 891 1221 967 operam
1247 866 1453 959 efficacem,

341 1031 343 1038 ,
397 984 496 1083 quod
523 985 643 1056 omniu
670 995 897 1074 testamenta,
930 981 1075 1056 rodiciti
1106 997 1144 1056 et
1169 983 1295 1060 ultime
1324 986 1451 1058 vulun-

396 1114 507 1193 tates,
521 1101 570 1172 in
592 1101 725 1198 quibus
751 1099 928 1172 bactenus
948 1125 1016 1199 pro
1034 1101 1218 1178 etmoxtna
1240 1103 1378 1200 aliquid
1396 1116 1455 1176 est

398 1220 585 1307 relictum,
603 1219 813 1318 perueniant
838 1216 884 1290 ad
913 1243 1041 1291 eorum
1064 1219 1245 1312 notitiam,
1271 1221 1390 1297 omnia
1415 1223 1453 1294 iu

396 1350 533 1437 puncto
559 1336 621 1411 illo
648 1333 775 1414 satiant
800 1336 1009 1435 registrari,
1042 1350 1079 1411 et
1105 1335 1191 1409 dent
1216 1363 1362 1438 oporam
1387 1364 1456 1412 suo

398 1482 522 1558 posse,
547 1455 647 1556 quod
676 1457 752 1554 ipse
777 1455 966 1536 elimoxine
991 1452 1078 1534 fiant
1104 1469 1141 1526 et
1165 1437 1298 1531 dentur
1323 1482 1453 1562 secun·

397 1575 482 1649 dum
503 1573 788 1674 dispositionem
814 1571 1081 1652 defunctorum.
1141 1647 1144 1652 Α

449 1692 588 1763 Eodem
615 1691 724 1762 modo
752 1688 814 1762 fiat
839 1690 885 1762 de
910 1689 1044 1766 relictis
1068 1693 1177 1765 certis
1202 1695 1369 1790 pensonis
1389 1719 1457 1792 pro

398 1812 522 1890 usmis,
554 1809 611 1882 vel
643 1810 735 1884 male
768 1807 901 1894 ablatis
928 1807 994 1880 *vel
1020 1807 1320 1907 ,dampnietatis
1351 1815 1454 1884 rosti-

400 1927 553 2002 tuendis.
669 2002 672 2010 Α
942 1945 946 1952 ·

423 2044 604 2139 Notaui,
623 2047 685 2144 qui
709 2043 949 2126 eruntoffitio
973 2059 1271 2126 testamentorum
1298 2046 1355 2120 vel
1376 2045 1457 2118 aliis

397 2162 538 2256 offitiis,
556 2189 628 2237 uon
647 2165 787 2264 possint
813 2187 878 2234 nec
904 2162 1055 2233 debeant
1080 2162 1219 2263 aliquid
1247 2167 1383 2262 erigere
1408 2165 1464 2238 ab,

397 2281 573 2382 aliquibus
587 2282 745 2372 notariis,
759 2283 822 2379 qui
836 2292 1049 2360 testamenta
1066 2279 1122 2352 vet
1140 2279 1299 2380 aliquam
1316 2296 1458 2381 partem

398 2426 524 2474 eorum
550 2398 731 2472 deferrent
754 2398 811 2470 vel
837 2400 874 2468 in
901 2399 1046 2498 seriptis
1074 2387 1308 2500 dareng'pro
1332 2399 1458 2500 legatis

396 2522 454 2596 vel
480 2521 616 2594 relictis
642 2521 687 2592 ad
714 2523 791 2621 pias
818 2537 961 2612 causas,
983 2546 1049 2595 nec
1072 2518 1119 2593 ab
1136 2519 1317 2620 aliquibus
1336 2547 1458 2598 eomu-

397 2641 530 2732 nibus,
557 2639 765 2714 oonsulibus
798 2640 852 2714 vel
886 2637 1098 2716 olfitiulibus
1128 2638 1335 2738 aliquorum
1368 2640 1454 2714 bur·

399 2784 551 2860 gorum,
577 2772 800 2850 castrorum,
830 2757 994 2833 locorum
1018 2756 1075 2831 vel
1101 2757 1253 2836 aliarum
1285 2777 1466 2866 quamun-=

358 2889 361 2894 ’
398 2902 554 2978 cumque
578 2877 874 2966 universitatum,
901 2898 969 2976 pro
995 2873 1178 2948 delatione
1204 2897 1265 2948 seu
1291 2873 1455 2949 notifica*

397 2995 496 3069 tione
522 2994 646 3069 talium
671 2993 955 3091 legatorum-vel
981 2993 1199 3072 relictorum.

447 3110 540 3183 Item
567 3111 614 3184 ad
639 3113 848 3184 instantiam
873 3110 1053 3186 dictorum
1073 3113 1298 3186 notariorum
1317 3111 1376 3187 vel
1392 3109 1455 3182 ali-

344 3269 347 3276 ,
399 3231 499 3307 cuius
532 3228 682 3301 alterius
717 3255 870 3328 persone
903 3255 973 3300 non
1000 3230 1159 3302 eiteutur
1187 3228 1307 3328 alique
1334 3231 1457 3329 singu-

302 3447 303 3452 *
399 3349 490 3426 lares
524 3373 777 3448 persone0pro
811 3347 990 3448 aliquibus
1024 3333 1150 3448 legatis
1181 3347 1315 3425 relictis
1348 3351 1458 3422 certis

398 3465 489 3546 loeis
515 3466 571 3540 vel
598 3466 893 3543 universitatibus
919 3492 983 3540 seu
1005 3465 1262 3566 singullaribus
1281 3468 1458 3566 personis,

398 3587 470 3659 nisi
495 3586 541 3657 ad
569 3583 776 3661 instantiam
806 3611 949 3677 eorum,
974 3609 1128 3684 quorum
1154 3585 1314 3664 interest.

447 3703 609 3779 Potestas
626 3701 823 3778 Mediolani
837 3705 904 3778 sub
921 3703 1047 3779 debito
1063 3705 1327 3786 sacramentnm
1339 3727 1459 3802 penna

398 3821 574 3903 librarum
608 3835 755 3896 eentum
787 3822 1009 3896 tertiolorum
1039 3823 1094 3894 sui
1120 3819 1269 3912 sellarii,
1298 3831 1460 3910 teneatur

397 3939 514 4036 primu
549 3965 672 4014 meuse
707 3943 762 4014 sui
794 3941 982 4040 regiminis
1018 3925 1227 4040 suqiplicare
1257 3936 1460 4010 reverendo

398 4061 492 4158 patri
518 4058 667 4132 domino
699 4061 994 4164 archiepiscopo,
1027 4060 1089 4156 qui
1116 4083 1212 4130 num
1244 4073 1298 4130 est
1329 4071 1367 4128 et
1393 4079 1460 4155 pm
