3416 5054
388 275 434 342 70

384 377 598 460 reverendus
624 401 731 484 pater
752 385 920 458 dominus
947 378 1248 485 archiepiscopus,
1267 389 1332 484 qui
1349 409 1444 480 nunc

385 517 441 578 est
467 519 504 580 et
528 530 595 604 pro
631 505 855 604 temporibus
891 507 980 597 erit,
1011 503 1178 604 dignetur
1212 502 1330 577 facero
1364 504 1445 579 lieri

385 623 662 721 inquixitionem
678 622 725 696 de
742 603 847 693 bonis
866 620 1008 694 fortune
1027 635 1065 694 et
1082 621 1308 694 facultatibus
1323 623 1446 722 hospi-

388 741 512 814 talium
531 741 684 812 civitatis
702 755 737 812 et
752 743 943 818 comitatus
961 739 1177 831 Mediolani,
1195 755 1231 812 et
1248 741 1444 814 secundum

387 858 660 958 possibilitatem
690 873 947 956 congruentem
977 872 1111 930 lassare
1141 860 1192 929 eis
1221 856 1381 930 infirmos
1408 873 1446 930 et

328 963 331 968 ¹
388 1001 586 1077 pauperes,
622 988 657 1047 et
691 977 790 1047 iuxta
826 976 920 1048 hanc
958 979 1189 1048 tassationem
1226 977 1292 1048 sub
1326 1001 1447 1074 penna

389 1094 775 1200 exctimmunicationis
801 1106 839 1165 et
855 1093 963 1185 ultra,
981 1107 1093 1195 prout
1108 1095 1288 1192 placuerit
1306 1094 1447 1192 prefato

389 1211 586 1284 reverendo
613 1215 710 1310 patri
744 1211 893 1282 domino
930 1212 1220 1312 archiepiscopo,
1252 1225 1444 1284 teneantur
1539 1258 1542 1263 ,

392 1342 625 1402 manutenere
645 1329 683 1407 in
701 1328 881 1402 alimoniis
899 1345 938 1402 et
950 1331 1045 1400 victu
1063 1345 1099 1402 et
1118 1329 1196 1402 aliis
1223 1331 1295 1400 suis
1322 1355 1447 1402 neces·

372 1445 555 1520 'sitatibus
583 1445 746 1521 infirmos
772 1463 808 1519 et
837 1471 1026 1546 pauperes.
1062 1447 1230 1519 Preterea
1260 1445 1445 1546 predictus

391 1566 557 1638 dominus
573 1577 733 1665 potestas
753 1579 918 1638 teneatur
930 1565 1147 1665 supplicare,
1163 1581 1204 1638 ut
1216 1591 1337 1665 supra,
1349 1569 1448 1665 qnod

391 1683 553 1783 prefatus
580 1684 750 1756 'dominus
783 1684 1096 1784 archiepiscopus,
1115 1687 1178 1784 qui
1208 1711 1305 1762 nuuc
1328 1701 1386 1756 est
1410 1701 1448 1757 et

388 1827 455 1900 pro
492 1785 713 1908 temporibus
747 1803 836 1891 erit,
871 1803 1038 1901 dignetur
1072 1815 1207 1874 tassare
1241 1817 1277 1874 et
1313 1807 1442 1876 tassari

390 1919 507 1992 lacere
533 1919 742 1992 elimoxinas
769 1919 905 1993 fiendas
927 1921 1149 2020 pauperibus
1173 1934 1210 1992 et
1229 1923 1351 2020 egenis
1368 1947 1448 2020 per·

390 2039 486 2138 sonis
512 2063 579 2136 per
605 2036 788 2136 quaslibet
812 2038 941 2110 domos
967 2040 1153 2138 religiosas
1179 2065 1246 2138 pro
1273 2051 1350 2110 rata
1375 2036 1447 2109 for-

392 2168 559 2244 tunarpm
586 2167 623 2228 et
649 2154 859 2228 facultatum
886 2157 1076 2229 cuiuslibet
1101 2157 1271 2256 religione
1297 2156 1446 2245 domus3

390 2299 460 2372 que
490 2273 683 2348 elimoxine
704 2277 766 2347 'sic
797 2289 929 2348 tassate
960 2275 1026 2346 sub
1051 2301 1167 2374 penna
1199 2276 1447 2346 excommuni-

388 2394 562 2484 cationis,
581 2406 618 2464 et
639 2393 748 2482 ultra,
767 2407 877 2493 prout
902 2391 1080 2466 videbitur
1096 2399 1114 2441 Α
1131 2390 1273 2493 prefato
1300 2393 1447 2465 domino

272 2602 275 2620 ¹
390 2508 690 2609 archiepiscopo,
723 2510 813 2582 fiant
848 2512 1074 2611 temporibus
1109 2509 1381 2610 quadragesime
1413 2520 1450 2582 et

310 2691 312 2700 .
391 2631 543 2708 carastie
570 2645 605 2702 et
626 2630 704 2703 aliis
731 2633 969 2730 temporibus,
997 2633 1128 2731 quibus
1154 2637 1344 2706 necessitas
1369 2632 1450 2706 sub-

392 2749 560 2823 veniendi
585 2751 810 2849 pauperibus
834 2763 871 2823 et
896 2752 1016 2849 egenis
1043 2753 1209 2823 occurrit.
1255 2793 1257 2798 ·

440 2867 553 2938 XCV:
591 2871 647 2943 De
676 2868 981 2970 predicationibus
1016 2885 1049 2940 et
1079 2873 1291 2942 elimoxinis
1322 2885 1358 2942 et
1390 2875 1448 2942 in-

391 2991 612 3088 strumentis,
638 3013 707 3086 que
719 2988 812 3081 fieri
835 2985 963 3060 debent
981 2991 1133 3085 singulis
1149 2994 1257 3060 annis
1271 2986 1450 3089 profesto

391 3133 419 3178 s.
447 3104 642 3178 Benedicti.
684 3197 687 3206 ,
1026 3129 1029 3136 ·
1057 3195 1060 3202 Ι

295 3263 298 3268 ·
332 3311 334 3314 ,
435 3205 605 3298 {Vicarius
630 3224 865 3324 provixionis,
883 3223 949 3295 snb
976 3249 1094 3323 penna
1112 3224 1289 3296 librarum
1305 3237 1451 3316 centum

391 3340 630 3431 tertiolorum,
650 3352 813 3412 teneatur
831 3342 997 3439 quolibet
1014 3369 1107 3416 anno
1130 3341 1248 3414 facere
1269 3341 1452 3414 observari

392 3473 427 3532 et
451 3440 652 3534 executioni
680 3456 841 3530 mandari
861 3485 916 3550 ea,
935 3486 1005 3558 que
1031 3459 1110 3532 lieri
1138 3460 1275 3532 debent
1298 3483 1364 3560 per
1390 3483 1451 3534 co-

392 3603 501 3649 mune
529 3575 725 3650 Mediolani
748 3589 785 3650 et
802 3578 967 3652 homines
992 3576 1187 3650 Mediolani
1214 3578 1259 3649 de
1285 3576 1451 3678 predica·

289 3767 293 3777 ,
394 3695 551 3766 tionibus
577 3709 613 3768 et
640 3697 841 3770 elimoxinis
859 3722 884 3770 s.
905 3695 1108 3789 Benedicti,
1128 3698 1226 3780 iuxta
1246 3694 1396 3791 formam
1416 3707 1453 3766 et

394 3792 554 3885 tenorem
581 3812 781 3886 litterarum
806 3813 1106 3915 apostolicarum,
1127 3828 1164 3887 et
1182 3815 1228 3886 de
1246 3813 1317 3885 hoc
1333 3809 1452 3884 facere

394 4087 412 4130 Α
438 4099 451 4128 α
472 4077 607 4148 placuerit
628 4101 640 4126 »ι
661 4079 742 4146 tCod.
761 4085 788 4133 B.
811 4080 859 4147 ro).
