3416 5054
404 283 459 355 ul

407 399 522 473 libere
547 411 583 469 ot
608 400 712 469 omui
734 394 991 496 impedimento
1014 409 1191 491 cessante,
1207 397 1293 470 dum
1313 421 1380 498 per
1396 397 1463 471 hoc

407 539 480 590 non
512 512 728 616 impediatur
758 512 889 586 solutio
920 512 1101 586 detiorum
1132 518 1294 586 comunis
1326 515 1463 589 Medio-

257 689 262 698 .
324 680 326 683 -
410 636 505 730 lani,
530 633 593 705 ubi
620 632 711 706 solvi
736 656 797 704 seu
823 635 918 733 exigi
933 631 1137 706 ‘debebunt

457 749 668 826 Lxxxlx.-
688 749 744 823 De
764 774 878 852 opera
902 749 1022 824 danda
1046 751 1147 852 quod
1156 749 1330 850 fleturus,
1351 776 1463 850 nego-⁴

404 875 568 944 &tiones
592 883 626 941 et
651 863 831 940 victualia
861 893 989 942 secure
1009 867 1196 942 ducunurr
1221 893 1356 944 uersus
1383 877 1465 944 ciui·

405 1001 514 1063 mum
544 999 579 1060 et
602 991 810 1058 comitatum
834 986 1043 1061 Mediolani.

456 1106 633 1178 Dominus
659 1117 822 1203 potestas
849 1119 887 1175 et
910 1105 1067 1176 vicarius
1093 1117 1128 1176 et
1148 1103 1320 1180 officiales
1339 1107 1467 1205 provi·'

405 1229 559 1297 nionurn
585 1236 623 1295 et
648 1221 801 1320 quilibet
822 1245 950 1294 eorum
971 1234 1162 1294 teneantur
1195 1222 1282 1297 dare
1316 1248 1463 1324 operam

403 1365 492 1414 curn
511 1341 656 1433 effectu,
673 1340 772 1438 quod
789 1340 924 1412 sermm
941 1353 979 1412 et
999 1341 1155 1415 czarium
1173 1355 1211 1412 et
1227 1343 1407 1416 carbones
1428 1356 1464 1415 et

404 1458 570 1551 bladum,
596 1460 738 1549 vinum,
763 1457 945 1557 lignamen
971 1471 1006 1528 ct
1030 1457 1124 1556 ligna
1144 1475 1339 1557 oetereque
1354 1484 1465 1557 nego·

342 1599 344 1604 ·
405 1580 570 1650 tiationes
596 1590 632 1648 et
656 1575 825 1646 victualia
852 1600 988 1648 secure
1007 1575 1195 1649 trahantur
1224 1589 1261 1647 et
1287 1576 1464 1651 ducantur

403 1695 658 1792 undecumque
681 1715 808 1765 versus
833 1695 1045 1764 comitatum
1072 1706 1110 1766 et
1130 1704 1256 1766 versus
1281 1696 1463 1768 ciuitatem

403 1813 615 1906 Mediolani,
637 1826 710 1883 tam
730 1837 796 1910 per
815 1824 948 1882 terram
964 1830 1158 1909 quampcr
1174 1837 1318 1909 aquam,
1336 1827 1375 1884 et
1391 1837 1464 1886 non

404 1931 652 2030 depredentur
675 1953 744 2000 neo
768 1926 992 2000 derohentui·
1016 1954 1083 2028 per
1112 1929 1294 2026 aliquem,
1320 1953 1364 2002 ex
1390 1953 1464 2028 quo

405 2061 513 2122 eruut
538 2073 648 2148 super
673 2044 838 2120 districtu
864 2048 1027 2118 comunis
1051 2046 1272 2142 Mediolani,
1298 2049 1383 2147 ipsis
1407 2073 1464 2120 re

405 2167 589 2240 aientibus
605 2189 728 2238 versus
748 2164 926 2240 civitatem
945 2164 1141 2237 Mediolani
1150 2193 1162 2261 3
1191 2167 1239 2238 ita
1262 2167 1360 2264 quod
1377 2191 1464 2239 con*
1538 2201 1541 2207 ·

405 2282 617 2359 ductoribus
641 2283 779 2354 licitum
807 2284 853 2353 sit
878 2307 937 2354 eas
963 2282 1231 2354 mercadanzias
1258 2298 1295 2355 et
1311 2309 1369 2356 res
1387 2296 1464 2358 tute

405 2418 442 2498 et
467 2404 592 2479 libere,
606 2401 827 2490 conducere,
857 2398 1100 2500 prohibitione
1125 2401 1182 2474 vel
1208 2399 1464 2502 impedimento

404 2523 503 2594 omni
530 2532 713 2610 cessante,
740 2517 786 2589 ad
817 2515 884 2588 hoc
909 2531 951 2588 ut
977 2521 1197 2608 civitameui
1222 2519 1289 2626 alie
1314 2543 1463 2620 respon,

403 2639 493 2710 dent
517 2650 557 2709 et·
581 2639 618 2707 in
638 2660 747 2734 quam
766 2633 832 2706 alie
849 2637 1014 2707 civitates
1031 2633 1237 2728 confluunt,
1263 2639 1310 2713 sit
1335 2636 1463 2710 fertilis

406 2769 443 2829 et
468 2741 684 2828 habundans
711 2766 749 2825 et
774 2753 937 2836 ubertate
963 2752 1143 2852 fungatur.

456 2873 534 2946 XC.
563 2872 673 2972 Quod
700 2877 822 2946 rrectius
848 2873 1066 2973 impediatur
1089 2879 1199 2946 certis
1222 2871 1348 2946 diebus
1374 2899 1465 2948 mer·

405 2990 517 3065 chori.
1278 3048 1282 3054 .

456 3108 586 3206 Aliqua
612 3131 766 3208 persona
792 3081 865 3180 don
891 3109 1007 3208 'possit
1033 3129 1101 3180 nec
1131 3107 1263 3180 debeat
1292 3111 1372 3210 capi
1398 3129 1464 3180 nec

406 3226 558 3299 detineri
585 3249 652 3297 nec
679 3225 785 3298 aliter
814 3227 998 3299 molestari
1027 3224 1137 3299 mode
1167 3225 1287 3324 aliquo
1317 3228 1356 3296 in
1380 3217 1463 3326 pem

404 3369 496 3417 sona
521 3369 588 3416 uec
614 3343 722 3416 rebus
748 3369 816 3444 pro
842 3345 967 3442 aliquo.
991 3344 1117 3417 debito
1141 3341 1291 3445 publico
1316 3346 1374 3422 rel
1395 3346 1465 3443 pri·

404 3478 488 3536 vato
514 3488 582 3536 nec
608 3466 843 3536 concessione
875 3463 993 3560 aliquo
1024 3466 1061 3535 iu
1086 3460 1243 3536 brolleto
1275 3489 1371 3536 nouo
1403 3487 1465 3534 co·

405 3582 523 3652 munis
553 3578 769 3674 Mediolani,
795 3605 862 3654 nec
889 3581 1098 3655 incivitate
1128 3605 1196 3654 nec
1223 3582 1262 3654 in
1294 3582 1466 3654 comitatu

404 3698 621 3792 Mediolani,
640 3701 676 3770 in
694 3700 821 3772 diebus
848 3699 1048 3772 dominicis
1072 3699 1127 3772 vel
1154 3681 1290 3774 festivis
1320 3711 1465 3800 aposto·
1530 3723 1534 3730 ’

404 3817 521 3890 lorum
547 3842 615 3896 uec
641 3815 749 3891 beate
765 3821 915 3918 virginis
933 3818 1152 3910 Marie,.nec
1170 3821 1207 3894 in
1225 3818 1466 3892 diehusnun*

405 3937 568 4010 dinarum
580 3991 591 4027 ,
623 3961 695 4036 que
726 3939 764 4010 iu
797 3938 942 4010 civitate
977 3937 1035 4009 vel
1050 3969 1053 3978 ⁵
1068 3930 1241 4012 comitatu
1273 3936 1468 4013 Mediolani

406 4053 517 4146 siunt,
543 4077 611 4126 nec
637 4053 673 4124 iu
692 4056 796 4126 terris
814 4054 876 4126 ubi
893 4053 987 4126 liunt
1004 4054 1181 4149 nundine,
1198 4080 1266 4128 nec
1285 4057 1322 4130 in
1339 4051 1467 4148 diebus
