3416 5054
413 287 459 354 90

408 400 522 472 tribus
549 399 733 470 mensibus
760 399 826 484 sub
852 397 1151 498 penalibrarum'
1173 400 1477 502 vigintiquinque,

406 517 635 589 tertiolorum
660 513 823 615 qualibet
849 517 944 608 vice,
972 542 1042 614 qua
1060 517 1243 616 negligens
1261 517 1465 612 fixerit,'vel

406 635 571 705 omixerit
583 636 853 731 inquisitionem
873 633 1027 720 formare
1043 649 1170 706 contra
1188 661 1273 707 suos
1291 639 1465 728 notarios,

404 766 441 826 et
467 777 575 852 super
601 777 643 844 ea
669 751 857 850 diligenter
887 755 1069 850 inquirere
1095 768 1130 826 et
1156 756 1375 854 investigare
1398 781 1462 828 ve·

404 872 561 962 ritatem,
593 870 717 941 saltem
745 895 853 968 avsex
877 871 934 942 vel
961 897 981 940 a
1008 885 1164 968 quatuor
1189 897 1232 944 ex
1257 871 1464 944 melioribus

404 1003 442 1063 et
454 986 678 1088 dignioribus
691 989 990 1085 procuratoribus
1009 989 1301 1072 conversantibus
1315 1003 1352 1062 et
1363 1002 1465 1076 uten-

403 1107 501 1178 tibus
529 1106 575 1177 ad
594 1131 720 1178 eorum
739 1106 943 1198 banchum,
961 1119 998 1180 et
1013 1107 1060 1178 ab
1077 1108 1158 1180 aliis
1178 1108 1466 1206 quibuscumque

332 1229 344 1249 ‘
402 1227 566 1325 personis
594 1222 781 1322 fidedignis
807 1226 852 1296 ad
878 1227 957 1323 ipsa
982 1225 1122 1297 bancha
1150 1226 1464 1318 conversantibus,

405 1368 493 1441 quas
528 1343 597 1413 erit
629 1343 820 1414 verisimile
852 1342 983 1419 melius
1017 1369 1123 1442 posse
1156 1345 1248 1414 scire
1276 1345 1462 1416 veritatem

381 1442 382 1446 Ἰ
401 1458 661 1560 predictorum,
676 1485 767 1556 quos
781 1473 1033 1560 procuratores
1048 1474 1086 1533 et
1098 1485 1283 1560 personas,
1296 1487 1316 1532 a
1333 1462 1463 1561 quibus

402 1581 472 1650 erit
504 1580 634 1657 ueritas
665 1577 908 1676 investiganda
945 1589 986 1648 ut
1020 1604 1128 1677 supra
1141 1633 1152 1668 ‚
1188 1591 1353 1652 teneatur
1386 1581 1464 1677 ipse

404 1696 511 1772 iudex
529 1694 718 1792 diligenter
734 1696 959 1792 interrogare
978 1695 1024 1766 de
1046 1697 1214 1768 omnibus
1237 1711 1273 1770 et
1298 1697 1464 1796 singulis,

404 1840 475 1912 que
501 1812 706 1888 debuerunt
731 1812 786 1885 vel
814 1826 1116 1910 potuerunt-esse
1145 1817 1313 1906 comissa,
1332 1815 1463 1886 omissa

267 2007 270 2015 ,
325 2009 326 2012 Ἴ
403 1933 461 2004 vel
487 1931 651 2030 neglecta
679 1955 744 2029 per
770 1930 887 2002 dictos
914 1933 1074 2004 notarios
1099 1931 1157 2003 vel
1178 1932 1333 2029 aliquem
1353 1957 1394 2002 ex
1412 1935 1464 2004 eis
1533 1961 1537 1970 ¹

404 2051 441 2120 in
469 2075 596 2121 eorum
623 2045 737 2120 offitio
757 2064 884 2122 contra
901 2049 1051 2122 formam
1077 2062 1294 2122 statutorum
1312 2063 1350 2122 et
1366 2051 1465 2122 ordi-

403 2181 652 2252 namentorum
677 2171 842 2248 comunis
869 2168 1068 2249 Mediolani
1087 2181 1124 2241 et
1149 2168 1464 2248 coutra'debitum

405 2287 461 2364 sni
489 2284 614 2376 oslitii3
633 2287 685 2378 ‘et
710 2285 863 2384 eligatur
889 2298 926 2360 et
951 2285 1081 2384 eligere
1113 2298 1279 2358 teneatur
1313 2286 1359 2370 ad
1380 2310 1463 2385 pre·

314 2429 316 2434 ·
404 2404 769 2502 dictumprocessum
788 2401 1019 2482 scribendum
1045 2404 1199 2501 quilibet
1221 2403 1330 2478 iudex
1353 2429 1464 2486 unum

403 2545 446 2598 ex
472 2523 623 2592 notariis
651 2520 696 2592 de
721 2519 885 2619 pillastro
907 2521 953 2595 de
971 2519 1122 2620 collegio
1148 2523 1370 2606 notariorum
1386 2521 1464 2596 Me·

392 2637 538 2714 diolani
566 2637 704 2728 bonum
730 2651 768 2710 et
792 2637 988 2738 ydoneum,
1006 2663 1113 2739 quem
1134 2639 1464 2739 iurare-compellat

403 2755 558 2830 offitium
585 2782 689 2829 suum
717 2759 753 2829 iu
780 2757 950 2855 predictis
971 2754 1090 2828 facere
1115 2769 1153 2830 et
1178 2781 1348 2840 exercere
1374 2756 1464 2830 bene

405 2887 443 2949 et
459 2876 641 2974 legaliter3
660 2888 697 2948 et
714 2900 759 2948 eo
779 2901 863 2948 casu
880 2899 954 2973 quo
973 2901 1039 2975 per
1055 2872 1208 2953 offitium
1225 2877 1464 2975 procedatur,
1520 2871 1523 2876 ’

356 3085 359 3091 ¹
402 2994 570 3066 credatur
603 3008 639 3066 et
672 2995 771 3070 credi
806 2995 936 3066 debeat
961 2993 1006 3064 de
1031 2993 1203 3092 predictis
1236 2994 1401 3070 omuibus
1428 3008 1465 3066 et

402 3111 550 3210 singulis
577 3110 719 3182 duobus
751 3111 906 3188 testibus
942 3109 1134 3210 fidedignis
1167 3113 1273 3186 etiam
1304 3112 1340 3186 in
1367 3109 1463 3188 dicto

404 3255 471 3302 suo
490 3229 749 3328 singularibus,
780 3241 817 3300 et
839 3231 876 3300 in
898 3229 1070 3328 predictis
1093 3229 1309 3324 procedere,
1335 3229 1465 3328 punire

403 3363 440 3426 et
466 3346 733 3446 condempnare
767 3347 908 3420 valeant
934 3349 1034 3418 omui
1062 3348 1149 3420 iuris
1181 3361 1218 3420 et
1251 3359 1464 3422 statutorum

402 3465 657 3566 solempnitate
675 3466 818 3538 omissa.
833 3467 880 3536 Et
893 3479 1082 3546 teneantur
1096 3465 1335 3539 sindicatores
1349 3466 1466 3538 cuius-

402 3583 493 3660 libet
525 3585 736 3657 iusdicentis
773 3597 936 3682 tempore
967 3583 1163 3655 sindicatus
1194 3583 1261 3656 sub
1291 3609 1388 3683 pena
1413 3581 1465 3654 li-

400 3697 547 3772 brarum
575 3701 833 3798 quinquaginta
866 3697 1093 3774 tertiolorum
1127 3723 1169 3769 ex
1195 3721 1323 3768 eorum
1349 3695 1484 3780 offitio,

402 3819 557 3890 sumarie
584 3830 620 3889 et
650 3831 748 3910 extra
778 3815 941 3888 ordinem
975 3815 1182 3913 specialiter
1208 3815 1406 3912 inquirere,
1434 3815 1464 3886 si

308 4003 313 4014 ,
402 3959 468 4034 per
494 3935 611 4006 dictos
646 3934 864 4008 iusdicentes
899 3934 1032 4006 fuerint
1057 3933 1245 4006 observata
1275 3934 1403 4006 'omnia
1429 3946 1465 4004 et

403 4051 559 4152 singula,
586 4078 656 4149 que
682 4055 846 4150 superius
871 4054 1115 4154 continentum
1142 4064 1178 4152 et
1200 4051 1228 4124 si
1249 4050 1463 4148 reperierint
