3386 5122
1239 473 1278 543 tt

228 585 365 659 Christi
398 600 436 658 et
471 586 674 658 beatissime
699 587 857 686 Virginis
892 587 1006 658 Maria
1039 588 1163 658 matris
1193 587 1290 680 eius,

231 702 401 775 Iohannis
427 704 589 803 Baptiste
614 704 829 804 protectoris
860 705 1020 775 omnium
1055 703 1291 802 longobardo-

231 829 356 915 rumtt,
381 836 419 894 et
444 823 542 894 beati
568 822 751 894 Ambrosii
777 821 978 919 dignissimi
1004 817 1222 895 confessoris
1248 847 1291 894 ac

231 938 419 1011 laudabilis
434 941 653 1038 protectoris
671 951 708 1010 et
722 937 928 1025 defensoris
946 941 1109 1012 comunis
1126 952 1164 1011 et
1180 935 1293 1010 homi·

203 1085 205 1088 ·
232 1085 317 1128 num
336 1057 531 1128 Mediolani
549 1083 592 1128 ac
616 1055 732 1128 totius¹
752 1058 850 1128 curie
875 1055 1037 1148 celestis,
1063 1073 1292 1128 sacrosancte

233 1199 379 1246 romane
406 1175 558 1246 ecclesie
586 1189 622 1245 et
649 1177 743 1245 sacri
769 1174 932 1272 imperii,
949 1197 1116 1246 necnon
1142 1169 1292 1246 illustris

232 1294 405 1391 principis
420 1317 461 1362 ac
476 1290 657 1391 magnifici
670 1306 708 1363 et
721 1291 852 1390 excelsi
864 1291 1002 1362 domini
1016 1291 1112 1363 dem.
1123 1291 1292 1364 lobannis

232 1410 367 1483 Galeaz
385 1409 616 1482 Viceconritis
634 1410 701 1481 Dei
718 1411 833 1506 gratia
854 1409 990 1481 domini
1018 1408 1196 1508 generalis
1215 1410 1292 1483 Mea

178 1543 181 1547 ’
233 1528 368 1600 diolani
385 1539 455 1600 etc.
478 1529 622 1598 *comitis
645 1526 849 1618 Virtutum,
866 1527 1062 1626 imperialis
1087 1528 1211 1598 vicarii
1236 1542 1317 1625 ge'

233 1645 363 1718 neralis
373 1703 383 1737 ,
402 1643 515 1716 divisa
533 1647 568 1716 in
588 1657 673 1716 octo
691 1644 819 1736 libros,
841 1669 997 1743 quorum
1015 1658 1099 1716 octo
1117 1642 1293 1717 librorum

120 1776 126 1782 '
233 1765 379 1834 nomina
405 1777 490 1834 sunt
513 1763 602 1834 hec:
629 1763 939 1854 iurisdictionum,
956 1760 1228 1852 malefitiorum,
1246 1763 1295 1832 ci·

233 1879 380 1971 vilium,
413 1879 798 1970 extraordinariorum,
832 1879 1061 1972 victualium,
1095 1880 1294 1971 dationum,

233 1999 499 2070 merchatorum
526 2009 565 2067 et
592 1998 857 2070 merchatorum
884 1996 989 2084 lane„

283 2115 391 2186 L-Dc
416 2121 617 2186 cassatione
642 2115 976 2186 ordinamentorum
1000 2129 1173 2188 veterum.

282 2229 529 2306 Decernentes
557 2257 601 2304 ne
625 2232 772 2304 aliunde
790 2244 944 2326 statuta,
963 2232 1241 2304 consuetudines
1259 2245 1296 2302 et
1328 2308 1333 2318 ,

232 2350 509 2440 ordinamenta,
545 2352 777 2448 provixiones
811 2364 848 2421 et
880 2348 1159 2422 reformationes
1197 2361 1296 2422 tante

233 2469 386 2539 urbisin
405 2482 557 2558 statuta,
580 2468 850 2560 ordinamenta,
873 2469 1102 2566 provixiones
1125 2481 1163 2539 et
1186 2463 1297 2538 refor-

233 2588 408 2658 mationes
424 2588 657 2658 comunitatis
670 2583 937 2658 merchatorum
953 2611 1021 2658 nec
1035 2585 1187 2657 aliorum
1204 2609 1297 2656 mer-

232 2704 420 2776 c'hatorum
438 2703 642 2775 fatientium
657 2703 822 2776 laborare
840 2704 971 2797 lanam,
983 2705 1053 2776 nisi
1070 2705 1143 2775 sint
1160 2704 1295 2775 inserta

234 2823 271 2893 in
296 2823 368 2892 hoc
392 2820 589 2910 volumine,
607 2822 664 2893 rel
681 2824 751 2893 nisi
778 2824 857 2892 sint·
875 2847 940 2921 per
960 2824 1141 2920 presentia
1164 2835 1295 2894 statuta

190 2995 196 2999 .
232 2952 410 3011 reservata
421 2939 479 3009 vel
494 2937 720 3030 confirmata,
736 2942 773 3009 in
788 2939 925 3012 inditiis
942 2965 1010 3012 nec
1024 2954 1149 3010 contra
1168 2940 1296 3011 iuditia

234 3055 361 3127 exinde
387 3055 569 3128 ullatenus
598 3057 785 3156 elegentur
811 3081 878 3128 nec
904 3056 1013 3130 etiam
1033 3057 1294 3145 'observentur3

234 3173 432 3270 quinimmo
459 3189 638 3245 cassantes
657 3175 736 3274 ipsa
755 3176 874 3245 omnia
892 3187 929 3246 et
945 3174 1116 3273 singulla,
1134 3189 1172 3248 et
1195 3177 1296 3274 quod

233 3315 275 3362 ex
290 3291 416 3389 vigore
434 3292 541 3394 hujus
558 3293 682 3364 statuti
701 3317 769 3390 pro
788 3287 897 3364 cassis
915 3291 1133 3387 habeantur,
1152 3295 1295 3366 statutis

234 3421 272 3479 et
297 3407 614 3480 constitutionibus
647 3408 751 3480 lactis
778 3423 905 3482 contra
940 3411 1138 3484 hereticam
1174 3412 1295 3510 pravi-

234 3539 343 3598 tatem
366 3529 405 3596 in
422 3551 486 3597 suo
508 3525 643 3598 robore
669 3526 867 3619 duraturis,
885 3555 951 3628 per
976 3529 1046 3600 hoc
1073 3545 1193 3601 tamen
1220 3555 1292 3600 non

234 3657 424 3761 derogetur
448 3687 516 3733 nes
543 3662 757 3762 derogatum
776 3689 855 3737 esse
872 3665 1095 3764 intelligutur
1119 3665 1294 3764 providio-

235 3779 342 3848 nibus
378 3778 435 3851 vel
466 3779 799 3853 rellormationibus
828 3782 881 3854 vel
916 3781 1195 3876 ordinamentiS,
1222 3811 1295 3886 que

237 4019 253 4062 t
281 4033 293 4058 ι
313 4017 398 4067 Beata
416 4012 590 4068 'theudolina
608 4015 641 4068 ad
661 4015 797 4070 honorem
814 4021 842 4068 B.
861 3987 992 4070 iohannis
1014 4017 1135 4086 Baptista
1152 4017 1182 4072 in
1199 4019 1286 4088 burgo

310 4121 321 4144 ι
344 4097 379 4152 de
404 4098 541 4153 Moduetia
565 4098 710 4154 ecclesiam
736 4099 902 4167 construxit,
919 4104 948 4154 et
968 4099 1059 4168 ipsum
1081 4108 1109 4155 B.
1133 4102 1286 4158 Iohannem

311 4201 320 4226 ι
344 4180 576 4249 langobardorum
595 4188 739 4252 patronum
757 4183 874 4238 instituit
893 4205 904 4230 r
925 4183 1018 4262 (Galv=
1039 4185 1161 4242 Flamma
1185 4187 1286 4240 chron.

311 4266 383 4333 mot,
402 4280 461 4334 cap.
480 4267 556 4334 utri).
