3416 5054
1252 317 1300 390 88

248 432 369 506 veniat
393 432 431 502 in
457 429 684 502 censuarium
710 431 890 502 comunis.
906 425 1105 506 Mediolani
1133 453 1197 505 seu
1220 429 1302 503 tlm'-

248 551 453 622 xanrerium
477 546 535 618 vel
561 570 785 646 campsorem
811 571 879 644 pro
905 546 957 618 eis
972 560 1247 645 ,congerentem

254 717 260 722 -
299 664 393 736 CXI.
413 663 523 763 Quod
528 662 721 758 staulduo
739 660 824 737 libri
835 687 907 763 pro
925 666 1067 737 intratis
1082 678 1117 735 et
1132 668 1303 763 expensis

247 787 414 856 comunis
437 780 706 858 describendis.¹
982 866 984 880 Ι

295 899 480 974 Canevarii
506 902 540 970 iu
559 900 739 996 principio
766 899 821 970 sui
838 896 944 974 offitii
967 897 1047 970 lieri
1063 896 1196 972 fatiant
1217 923 1304 998 qua-

233 1031 330 1092 tuor
357 1017 487 1111 libros,
519 1041 673 1114 quorum
705 1014 778 1086 duo
812 1017 884 1089 sint
915 1015 961 1087 de
992 1029 1139 1116 recepto
1163 1016 1303 1092 ,etalii

249 1135 322 1208 duo
348 1135 395 1210 de
421 1137 606 1236 expensis,
637 1133 711 1205 duo
736 1115 919 1230 quorum,
945 1131 1113 1208 videlicet
1138 1160 1230 1210 unus
1256 1133 1303 1208 de

250 1267 398 1352 recepto
425 1266 462 1326 et
487 1252 579 1325 alter
597 1252 646 1326 de
661 1254 845 1350 expensis,
869 1261 969 1324 stent
987 1263 1099 1348 penes
1122 1263 1305 1326 'cos-cane-

249 1371 368 1444 varios
386 1383 424 1443 et
439 1369 502 1442 alii
517 1370 589 1442 duo
615 1393 727 1468 penes
753 1369 921 1442 dominos
939 1393 1018 1458 sex3
1046 1383 1083 1444 et
1108 1370 1208 1468 quod
1233 1371 1303 1467 ipsi

250 1489 431 1563 canevarii
455 1513 499 1560 ea
524 1488 602 1578 die,
627 1512 699 1585 qua
731 1489 941 1586 scripserint
964 1499 1148 1587 receptum
1174 1499 1212 1560 et
1236 1513 1302 1560 ex-

248 1605 379 1706 pensas
405 1607 443 1680 in
467 1605 569 1678 libris
591 1608 679 1695 suis,
698 1605 823 1678 eadem
841 1605 900 1676 die
917 1602 975 1676 vel
993 1607 1160 1702 sequenti
1176 1604 1305 1677 fatiant

248 1722 359 1796 scribi
390 1748 456 1822 per
486 1723 647 1795 notarios
681 1748 763 1796 suos
796 1725 833 1794 in
863 1722 959 1795 libro
993 1747 1057 1794 seu
1089 1722 1208 1815 libris,
1240 1725 1304 1820 qui

247 1854 354 1914 erunt
378 1865 490 1939 penes
521 1839 684 1912 domitios
714 1865 794 1932 ser,
827 1839 916 1912 illud
948 1851 1137 1938 receptum
1163 1839 1303 1912 stillas

249 1983 436 2058 expensas.
460 1959 511 2030 Et
536 1957 598 2030 ille
623 1960 807 2049 notarius,
832 1959 895 2054 qui
920 1959 1107 2056 scripserit
1137 1959 1174 2030 in
1200 1957 1303 2030 libris

248 2077 427 2150 dictorum
454 2079 723 2150 censuariorum
745 2076 858 2152 dictas
876 2101 1049 2176 expensas
1066 2074 1123 2150 vel
1140 2091 1304 2176 recepta,

249 2193 384 2266 debeat
408 2194 568 2266 scribere
595 2197 632 2264 in
651 2193 751 2266 libris
768 2195 996 2266 dominorum
1015 2217 1075 2266 sex
1087 2199 1151 2284 ;'et
1168 2198 1199 2268 si
1215 2194 1304 2266 dicti

250 2312 381 2384 notarii
412 2313 450 2383 in
473 2310 646 2412 predictis
677 2311 809 2387 fuerint
840 2312 1081 2409 negligentes,
1107 2314 1304 2410 puniantur

251 2428 406 2527 quilibet
430 2432 590 2529 ipsorum
617 2431 656 2500 in
681 2429 783 2503 libris
808 2433 970 2527 quinque
997 2429 1243 2521 tertiolorum,
1268 2443 1306 2502 ct

249 2546 367 2621 dictus
397 2550 601 2622 canevarius
633 2550 671 2620 in
694 2547 813 2622 'soldis
846 2551 1022 2648 sexaginta
1052 2547 1303 2640 tertiolorum,

250 2677 289 2738 et
314 2667 465 2764 insuper
486 2667 523 2736 in
540 2690 665 2738 eorum
682 2663 846 2740 fraudem
865 2664 1077 2764 adhibeatur
1094 2664 1184 2739 fides
1201 2666 1303 2738 libris

250 2781 428 2854 dictorum
454 2785 735 2856 censuariorum.
976 2762 981 2775 ⁹

299 2897 402 2972 Idem
427 2899 557 2974 habeat
582 2899 700 2974 locum
726 2903 763 2974 in
784 2900 951 3000 quolibet
967 2899 1108 2972 offitiali
1128 2903 1304 2977 existente

251 3018 296 3090 ad
323 3043 512 3092 cameram.
850 3033 852 3036 ’
1266 3059 1267 3064 1
1370 3077 1372 3084 .

299 3133 413 3209 CXII.
434 3133 545 3232 Quod
543 3135 644 3230 fiant
660 3135 755 3230 libri,
766 3141 827 3238 qui
844 3143 1067 3238 appellentur
1079 3145 1303 3213 memoriales

251 3255 439 3328 doliorum.
998 3321 1001 3326 .
1262 3297 1266 3304 .

301 3372 408 3446 Fiant
433 3371 507 3445 duo
531 3373 632 3466 libri,
659 3375 722 3471 qui
740 3373 968 3474 appellentur
992 3375 1219 3446 memoriales
1244 3374 1307 3446 da·-

250 3491 384 3562 tiorum
411 3504 458 3567 ,et
495 3491 708 3564 nstratarum
748 3494 910 3564 comunis
949 3491 1173 3583 Mediolani,
1212 3513 1304 3564 unus
1361 3581 1363 3586 ,

250 3632 406 3707 quorum
439 3621 510 3682 stet
541 3609 602 3682 adv
619 3634 798 3684 cameram
829 3610 1058 3698 dominorum
1089 3608 1281 3682 duodecim
1293 3667 1309 3704 ,

250 3735 289 3796 et
318 3723 408 3800 alius
439 3750 556 3825 penes.
583 3730 792 3803 canevarios·
821 3728 982 3800 comunis
1016 3725 1234 3819 Mediolani,
1267 3731 1305 3800 in

250 3840 383 3942 quibus
416 3843 517 3918 libris
549 3846 756 3920 scribantur
787 3869 851 3946 per
883 3843 1047 3916 ordinem
1078 3843 1154 3918 dies
1179 3845 1303 3917 vendi·

251 3961 412 4054 tionum,
428 3962 640 4061 pignorum,
656 3964 893 4064 pedagiorum
909 3962 967 4036 vel
979 3959 1068 4034 datii
1082 3962 1141 4038 vel
1156 3965 1304 4054 intrate,

250 4089 287 4148 et
303 4080 448 4154 nomina
465 4094 669 4181 emptorum
688 4095 725 4156 et
742 4081 992 4181 fideiussorum
1014 4105 1153 4176 eornm,
1172 4097 1209 4156 et
1227 4108 1305 4183 prc-
