3386 5122
371 289 409 336 Vl

370 381 567 486 superfuit.
596 381 637 456 ld
664 377 860 456 evidenter
886 385 988 479 patet
1014 403 1062 456 ex
1079 379 1166 482 ipso
1192 382 1424 461 statutorum

368 507 581 609 prooemio,
622 529 720 606 quae
758 514 892 606 postea
931 528 1029 581 anno
1070 529 1218 604 ucccnr,
1258 508 1442 589 lohanne'
1502 567 1503 572 ,

369 623 609 711 Viceoomite¹
626 631 788 708 Lucbini
814 632 1051 731 praemortui
1077 631 1191 711 lratre
1219 633 1424 713 Mediolani

368 761 658 860 archiepiscopo
686 781 730 832 ac
758 758 934 853 domino,
965 758 1117 836 noviter
1150 768 1320 837 correcta
1349 763 1424 838 lata

368 893 476 981 sunt3
512 885 580 961 sed
613 907 661 960 ne
688 883 783 959 haec
811 882 964 984 quidem
999 907 1134 961 recens
1160 886 1425 980 emendatioa

368 1011 607 1113 sapientibus
635 1009 725 1087 viris
754 1033 881 1086 rerum
901 1010 1135 1111 agendarum
1157 1011 1292 1112 peritia
1313 1012 1425 1090 claris

370 1162 414 1214 ac
432 1137 670 1240 reipublicae
691 1135 852 1237 gloriam
874 1144 913 1212 et
932 1135 1135 1214 utilitatem
1154 1139 1427 1238 quaerentibus

368 1262 533 1365 perlecta
564 1263 612 1338 ad
645 1285 714 1339 nos
747 1286 870 1363 usque
910 1262 1107 1363 pervenit,
1141 1272 1292 1362 praeter
1327 1264 1425 1341 illud

367 1387 611 1491 prooemium
637 1385 870 1464 Statutorum
897 1386 1119 1464 collectioni
1146 1413 1192 1464 eo
1217 1412 1314 1465 anuo
1340 1414 1427 1491 per-

369 1523 475 1592 actae
492 1512 766 1615 praemissum,
790 1537 865 1613 quo
893 1514 1103 1590 edocemur
1125 1513 1186 1591 ius
1205 1512 1304 1610 illud
1325 1522 1425 1592 tanta

369 1640 585 1718 maturitate
619 1639 851 1740 dispositum
886 1638 1217 1740 castigatumque,
1243 1639 1426 1743 Suffragia

368 1767 501 1869 populi
528 1764 720 1844 firmatum
753 1775 864 1867 atque
893 1789 941 1842 ex
967 1765 1132 1867 antiquis
1172 1765 1424 1844 Consuetudi-

370 1894 485 1971 nibus
525 1889 721 1995 profluens
763 1901 847 1969 octo
883 1891 1105 1970 constitisse
1145 1893 1316 1996 partibus
1343 1894 1426 1971 sive

369 2020 504 2118 libris,
532 2043 695 2120 quorum
728 2008 882 2096 nomina
918 2026 1026 2095 erant
1059 2053 1075 2086 «
1094 2018 1426 2114 iurisdictionum,

369 2181 387 2220 a
420 2133 718 2242 maleficiorum,
735 2144 924 2242 civilium,
944 2145 1353 2240 extraordinariorum,
1372 2145 1428 2224 vi-

370 2307 388 2347 n
421 2272 622 2364 ctuallum,
651 2272 858 2366 dationum,
885 2279 1141 2349 mercatorum
1165 2271 1371 2350 Mediolani
1389 2281 1427 2349 et

370 2431 387 2473 n
420 2408 677 2477 mercatorum
703 2398 813 2475 lanae
840 2423 878 2494 »3
906 2400 1067 2498 agebant
1092 2397 1195 2474 enim
1230 2400 1277 2475 de
1304 2399 1425 2500 magi-

370 2536 559 2605 stratuum
577 2525 838 2626 quorumlibet
854 2523 1183 2602 iurisdictionibus
1202 2523 1425 2626 officiisque,

369 2657 418 2731 de
451 2654 536 2730 iure
570 2675 614 2728 ac
649 2651 780 2728 ordine
814 2649 1047 2752 procedendi
1075 2648 1113 2725 in
1142 2650 1425 2748 criminalibus,

370 2783 417 2858 de
444 2778 589 2856 iudicio
617 2786 654 2854 et
671 2781 858 2879 processu
888 2777 1013 2874 civili,
1042 2777 1229 2854 derebus
1257 2778 1425 2876 rusticis,

370 2909 417 2984 de
445 2904 639 2982 nonnullis
667 2905 715 2980 ad
732 2904 943 2981 humanum
962 2902 1107 2982 victum
1134 2903 1425 3004 pertinentibus,

369 3035 416 3110 do
444 3031 700 3133 vectigalibus
728 3055 771 3108 ao
799 3031 954 3107 demum
983 3032 1031 3107 de
1059 3038 1293 3124 mercatura,
1317 3055 1426 3131 prae-

369 3158 503 3238 sertim
529 3158 639 3236 lanae
667 3182 714 3235 eo
741 3167 911 3260 tempore
938 3156 1229 3256 florentissima,
1257 3182 1344 3234 curn
1367 3157 1425 3235 illi

369 3287 596 3388 quaudoque
624 3283 819 3384 sexaginta
847 3282 991 3358 civium
1027 3279 1167 3377 millia,
1202 3281 1302 3359 inter
1328 3299 1424 3384 quos

370 3413 577 3490 universus
617 3409 698 3487 lere
737 3407 1029 3486 Humiliatorum
1070 3417 1228 3504 coetus,
1268 3432 1425 3511 operam

369 3539 513 3615 darent.
555 3537 729 3638 Denique
773 3559 816 3611 ea
855 3533 997 3612 Statuta
1036 3560 1133 3614 nova
1177 3535 1425 3637 castigatione

369 3664 571 3741 emendata
614 3663 773 3742 saeculo
810 3685 875 3739 xrv
915 3672 1103 3759 exeunte,
1147 3686 1246 3739 anno
1285 3686 1424 3762 nempe

369 3813 575 3886 ucccxcvr,
597 3790 840 3892 prodierunt,
868 3789 1049 3865 man'dato
1068 3788 1246 3866 lobannis
1264 3785 1425 3865 Galeatii

368 3915 416 3992 Μ.
443 3915 690 3994 Vicecomitis
717 3941 847 3996 rorum
872 3941 1022 3994 summa
1049 3915 1185 4018 potiti,
1214 3915 1425 4017 imperialis

333 4117 337 4128 ,
370 4042 537 4144 primum
557 4043 713 4140 ¹vicarii,
732 4046 820 4122 dein
841 4044 1043 4122 blediolani
1062 4042 1171 4122 ducis
1190 4043 1424 4139 renunciati3
