<?xml version="1.0" encoding="UTF-8"?>
<!DOCTYPE html PUBLIC "-//W3C//DTD XHTML 1.0 Transitional//EN"
    "http://www.w3.org/TR/xhtml1/DTD/xhtml1-transitional.dtd">
<html xmlns="http://www.w3.org/1999/xhtml" xml:lang="en" lang="en">
 <head>
  <title>
</title>
<meta http-equiv="Content-Type" content="text/html;charset=utf-8" />
  <meta name='ocr-system' content='tesseract 3.04.00' />
  <meta name='ocr-capabilities' content='ocr_page ocr_carea ocr_par ocr_line ocrx_word'/>
</head>
<body>
  <div class='ocr_page' id='page_1' title='image "./statutaiurisdic00itagoog_0039.png"; bbox 0 0 3386 5122; ppageno 0'>
   <div class='ocr_carea' id='block_1_1' title="bbox 403 215 1481 1013">
    <p class='ocr_par' dir='ltr' id='par_1_1' title="bbox 416 215 464 288">
     <span class='ocr_line' id='line_1_1' title="bbox 416 215 464 288; baseline -0.083 0"><span class='ocrx_word' id='word_1_1' title='bbox 416 215 464 288; x_wconf 74' lang='lat' dir='ltr'><strong>tt</strong></span> 
     </span>
    </p>

    <p class='ocr_par' dir='ltr' id='par_1_2' title="bbox 403 326 1480 524">
     <span class='ocr_line' id='line_1_2' title="bbox 403 326 1338 428; baseline -0.003 -27"><span class='ocrx_word' id='word_1_2' title='bbox 403 403 430 414; x_wconf 21' lang='grc' dir='ltr'><strong>Α,</strong></span> <span class='ocrx_word' id='word_1_3' title='bbox 464 329 600 410; x_wconf 82' lang='lat' dir='ltr'><strong>XXIV.</strong></span> <span class='ocrx_word' id='word_1_4' title='bbox 628 327 683 398; x_wconf 83' lang='lat' dir='ltr'><strong>De</strong></span> <span class='ocrx_word' id='word_1_5' title='bbox 709 326 956 406; x_wconf 77' lang='lat' dir='ltr'><strong>iurisdictione</strong></span> <span class='ocrx_word' id='word_1_6' title='bbox 982 326 1120 406; x_wconf 78' lang='lat' dir='ltr'><strong>doruioi</strong></span> <span class='ocrx_word' id='word_1_7' title='bbox 1141 333 1338 428; x_wconf 77' lang='lat' dir='ltr'><strong>potestatis.</strong></span> 
     </span>
     <span class='ocr_line' id='line_1_3' title="bbox 463 440 1480 524; baseline -0.001 -7"><span class='ocrx_word' id='word_1_8' title='bbox 463 447 630 521; x_wconf 79' lang='lat' dir='ltr'><strong>Potestas</strong></span> <span class='ocrx_word' id='word_1_9' title='bbox 649 444 845 517; x_wconf 87' lang='lat' dir='ltr'><strong>Mediolani</strong></span> <span class='ocrx_word' id='word_1_10' title='bbox 870 440 1167 524; x_wconf 81' lang='lat' dir='ltr'><strong>lrabeatmerum</strong></span> <span class='ocrx_word' id='word_1_11' title='bbox 1184 459 1222 520; x_wconf 91' lang='lat' dir='ltr'><strong>et</strong></span> <span class='ocrx_word' id='word_1_12' title='bbox 1238 447 1383 524; x_wconf 78' lang='lat' dir='ltr'><strong>mistum</strong></span> <span class='ocrx_word' id='word_1_13' title='bbox 1410 447 1480 524; x_wconf 90' lang='lat' dir='ltr'><strong>im-</strong></span> 
     </span>
    </p>

    <p class='ocr_par' dir='ltr' id='par_1_3' title="bbox 413 561 1479 664">
     <span class='ocr_line' id='line_1_4' title="bbox 413 561 1479 664; baseline -0.005 -26"><span class='ocrx_word' id='word_1_14' title='bbox 413 564 554 664; x_wconf 88' lang='lat' dir='ltr'><strong>perinm</strong></span> <span class='ocrx_word' id='word_1_15' title='bbox 580 576 618 637; x_wconf 92' lang='lat' dir='ltr'><strong>et</strong></span> <span class='ocrx_word' id='word_1_16' title='bbox 645 561 787 660; x_wconf 86' lang='lat' dir='ltr'><strong>plenam</strong></span> <span class='ocrx_word' id='word_1_17' title='bbox 815 561 1102 642; x_wconf 85' lang='lat' dir='ltr'><strong>iurisdictionem</strong></span> <span class='ocrx_word' id='word_1_18' title='bbox 1128 565 1165 632; x_wconf 90' lang='lat' dir='ltr'><strong>in</strong></span> <span class='ocrx_word' id='word_1_19' title='bbox 1192 563 1336 639; x_wconf 88' lang='lat' dir='ltr'><strong>civitate</strong></span> <span class='ocrx_word' id='word_1_20' title='bbox 1358 577 1397 636; x_wconf 90' lang='lat' dir='ltr'><strong>et</strong></span> <span class='ocrx_word' id='word_1_21' title='bbox 1420 563 1479 634; x_wconf 86' lang='lat' dir='ltr'><strong>di·</strong></span> 
     </span>
    </p>

    <p class='ocr_par' dir='ltr' id='par_1_4' title="bbox 411 679 1481 770">
     <span class='ocr_line' id='line_1_5' title="bbox 411 679 1481 770; baseline -0.003 -17"><span class='ocrx_word' id='word_1_22' title='bbox 411 683 536 762; x_wconf 82' lang='lat' dir='ltr'><strong>strictu</strong></span> <span class='ocrx_word' id='word_1_23' title='bbox 553 679 766 770; x_wconf 81' lang='lat' dir='ltr'>Mediolani,</span> <span class='ocrx_word' id='word_1_24' title='bbox 785 693 823 752; x_wconf 90' lang='lat' dir='ltr'><strong>et</strong></span> <span class='ocrx_word' id='word_1_25' title='bbox 841 683 949 756; x_wconf 90' lang='lat' dir='ltr'><strong>etiam</strong></span> <span class='ocrx_word' id='word_1_26' title='bbox 968 691 1068 758; x_wconf 78' lang='lat' dir='ltr'><strong>extra</strong></span> <span class='ocrx_word' id='word_1_27' title='bbox 1084 680 1300 766; x_wconf 86' lang='lat' dir='ltr'><strong>districtum,</strong></span> <span class='ocrx_word' id='word_1_28' title='bbox 1319 683 1356 760; x_wconf 86' lang='lat' dir='ltr'><strong>in</strong></span> <span class='ocrx_word' id='word_1_29' title='bbox 1374 705 1481 760; x_wconf 76' lang='lat' dir='ltr'><strong>exer·</strong></span> 
     </span>
    </p>

    <p class='ocr_par' dir='ltr' id='par_1_5' title="bbox 412 795 1245 872">
     <span class='ocr_line' id='line_1_6' title="bbox 412 795 1245 872; baseline -0.002 -2"><span class='ocrx_word' id='word_1_30' title='bbox 412 799 545 872; x_wconf 90' lang='lat' dir='ltr'><strong>citibus</strong></span> <span class='ocrx_word' id='word_1_31' title='bbox 571 813 608 872; x_wconf 92' lang='lat' dir='ltr'><strong>et</strong></span> <span class='ocrx_word' id='word_1_32' title='bbox 634 797 822 868; x_wconf 79' lang='lat' dir='ltr'>cavalcatis</span> <span class='ocrx_word' id='word_1_33' title='bbox 848 799 1012 869; x_wconf 90' lang='lat' dir='ltr'><strong>comunis</strong></span> <span class='ocrx_word' id='word_1_34' title='bbox 1040 795 1245 870; x_wconf 80' lang='lat' dir='ltr'><strong>Mediolani.</strong></span> 
     </span>
    </p>

    <p class='ocr_par' dir='ltr' id='par_1_6' title="bbox 426 915 1417 1013">
     <span class='ocr_line' id='line_1_7' title="bbox 426 915 1417 1013; baseline 0.007 -26"><span class='ocrx_word' id='word_1_35' title='bbox 426 962 431 969; x_wconf 83' lang='lat'><strong>·</strong></span> <span class='ocrx_word' id='word_1_36' title='bbox 462 917 579 993; x_wconf 86' lang='lat' dir='ltr'><strong>XXV.</strong></span> <span class='ocrx_word' id='word_1_37' title='bbox 607 917 663 988; x_wconf 89' lang='lat' dir='ltr'><strong>De</strong></span> <span class='ocrx_word' id='word_1_38' title='bbox 684 928 913 988; x_wconf 78' lang='lat' dir='ltr'><strong>sacramento</strong></span> <span class='ocrx_word' id='word_1_39' title='bbox 939 915 1077 996; x_wconf 81' lang='lat' dir='ltr'><strong>domiui</strong></span> <span class='ocrx_word' id='word_1_40' title='bbox 1096 923 1296 1013; x_wconf 79' lang='lat' dir='ltr'><strong>potestatis.</strong></span> <span class='ocrx_word' id='word_1_41' title='bbox 1413 987 1417 994; x_wconf 88' lang='lat'><em>.</em></span> 
     </span>
    </p>
   </div>
   <div class='ocr_carea' id='block_1_2' title="bbox 225 1033 1476 1132">
    <p class='ocr_par' dir='ltr' id='par_1_7' title="bbox 225 1033 1476 1132">
     <span class='ocr_line' id='line_1_8' title="bbox 225 1033 1476 1132; baseline 0.013 -42"><span class='ocrx_word' id='word_1_42' title='bbox 225 1033 227 1038; x_wconf 87' lang='grc'><strong>’</strong></span> <span class='ocrx_word' id='word_1_43' title='bbox 345 1036 353 1092; x_wconf 58' lang='lat' dir='ltr'><em>J</em></span> <span class='ocrx_word' id='word_1_44' title='bbox 456 1035 550 1114; x_wconf 43' lang='lat' dir='ltr'><strong>,Iuro</strong></span> <span class='ocrx_word' id='word_1_45' title='bbox 577 1059 655 1131; x_wconf 67' lang='lat' dir='ltr'><strong>ego,</strong></span> <span class='ocrx_word' id='word_1_46' title='bbox 674 1091 681 1103; x_wconf 94' lang='lat'>.</span> <span class='ocrx_word' id='word_1_47' title='bbox 698 1091 706 1106; x_wconf 92' lang='lat'><strong>.</strong></span> <span class='ocrx_word' id='word_1_48' title='bbox 724 1091 730 1104; x_wconf 96' lang='lat'><em>.</em></span> <span class='ocrx_word' id='word_1_49' title='bbox 748 1085 755 1104; x_wconf 89' lang='lat'><strong>.</strong></span> <span class='ocrx_word' id='word_1_50' title='bbox 772 1047 934 1132; x_wconf 87' lang='lat' dir='ltr'><strong>potestas</strong></span> <span class='ocrx_word' id='word_1_51' title='bbox 960 1033 1156 1112; x_wconf 79' lang='lat' dir='ltr'><strong>Mediolani</strong></span> <span class='ocrx_word' id='word_1_52' title='bbox 1182 1035 1228 1108; x_wconf 87' lang='lat' dir='ltr'><strong>ad</strong></span> <span class='ocrx_word' id='word_1_53' title='bbox 1253 1049 1379 1112; x_wconf 79' lang='lat' dir='ltr'><strong>saneta</strong></span> <span class='ocrx_word' id='word_1_54' title='bbox 1406 1037 1476 1113; x_wconf 83' lang='lat' dir='ltr'><strong>Dei</strong></span> 
     </span>
    </p>
   </div>
   <div class='ocr_carea' id='block_1_3' title="bbox 345 1150 1488 4079">
    <p class='ocr_par' dir='ltr' id='par_1_8' title="bbox 380 1150 1483 2664">
     <span class='ocr_line' id='line_1_9' title="bbox 399 1150 1478 1251; baseline 0.001 -28"><span class='ocrx_word' id='word_1_55' title='bbox 399 1150 598 1249; x_wconf 82' lang='lat' dir='ltr'><strong>&#39;evangelia</strong></span> <span class='ocrx_word' id='word_1_56' title='bbox 630 1152 870 1251; x_wconf 79' lang='lat' dir='ltr'><strong>corporaliter</strong></span> <span class='ocrx_word' id='word_1_57' title='bbox 904 1152 1007 1232; x_wconf 87' lang='lat' dir='ltr'><strong>tactis</strong></span> <span class='ocrx_word' id='word_1_58' title='bbox 1034 1154 1244 1251; x_wconf 83' lang='lat' dir='ltr'><strong>scripturis,&#39;</strong></span> <span class='ocrx_word' id='word_1_59' title='bbox 1269 1153 1368 1250; x_wconf 87' lang='lat' dir='ltr'><strong>quod</strong></span> <span class='ocrx_word' id='word_1_60' title='bbox 1394 1179 1478 1232; x_wconf 80' lang='lat' dir='ltr'><strong>sunt</strong></span> 
     </span>
     <span class='ocr_line' id='line_1_10' title="bbox 413 1265 1480 1349; baseline 0.001 -9"><span class='ocrx_word' id='word_1_61' title='bbox 413 1281 452 1342; x_wconf 90' lang='lat' dir='ltr'><strong>et</strong></span> <span class='ocrx_word' id='word_1_62' title='bbox 476 1293 540 1349; x_wconf 83' lang='lat' dir='ltr'><strong>ero</strong></span> <span class='ocrx_word' id='word_1_63' title='bbox 573 1265 690 1339; x_wconf 81' lang='lat' dir='ltr'><strong>fidelis</strong></span> <span class='ocrx_word' id='word_1_64' title='bbox 715 1281 751 1340; x_wconf 89' lang='lat' dir='ltr'><strong>ct</strong></span> <span class='ocrx_word' id='word_1_65' title='bbox 777 1283 915 1342; x_wconf 89' lang='lat' dir='ltr'><strong>amator</strong></span> <span class='ocrx_word' id='word_1_66' title='bbox 947 1281 1069 1348; x_wconf 83' lang='lat' dir='ltr'><strong>sancte</strong></span> <span class='ocrx_word' id='word_1_67' title='bbox 1102 1271 1228 1348; x_wconf 87' lang='lat' dir='ltr'><strong>matris</strong></span> <span class='ocrx_word' id='word_1_68' title='bbox 1265 1269 1414 1348; x_wconf 82' lang='lat' dir='ltr'><strong>ecclesie</strong></span> <span class='ocrx_word' id='word_1_69' title='bbox 1439 1283 1480 1348; x_wconf 85' lang='lat' dir='ltr'><strong>et</strong></span> 
     </span>
     <span class='ocr_line' id='line_1_11' title="bbox 415 1385 1477 1486; baseline 0.003 -28"><span class='ocrx_word' id='word_1_70' title='bbox 415 1388 505 1464; x_wconf 82' lang='lat' dir='ltr'><strong>sacri</strong></span> <span class='ocrx_word' id='word_1_71' title='bbox 540 1387 681 1486; x_wconf 89' lang='lat' dir='ltr'><strong>imperii</strong></span> <span class='ocrx_word' id='word_1_72' title='bbox 707 1398 744 1459; x_wconf 92' lang='lat' dir='ltr'><strong>et</strong></span> <span class='ocrx_word' id='word_1_73' title='bbox 769 1385 950 1485; x_wconf 85' lang='lat' dir='ltr'><strong>magnifici</strong></span> <span class='ocrx_word' id='word_1_74' title='bbox 976 1400 1015 1460; x_wconf 90' lang='lat' dir='ltr'><strong>et</strong></span> <span class='ocrx_word' id='word_1_75' title='bbox 1039 1387 1168 1468; x_wconf 73' lang='lat' dir='ltr'><strong>excelsi</strong></span> <span class='ocrx_word' id='word_1_76' title='bbox 1196 1387 1342 1466; x_wconf 83' lang='lat' dir='ltr'><strong>‚domini</strong></span> <span class='ocrx_word' id='word_1_77' title='bbox 1378 1387 1477 1467; x_wconf 84' lang='lat' dir='ltr'><strong>doru.</strong></span> 
     </span>
     <span class='ocr_line' id='line_1_12' title="bbox 417 1501 1481 1595; baseline -0.002 -17"><span class='ocrx_word' id='word_1_78' title='bbox 417 1504 614 1592; x_wconf 83' lang='lat' dir='ltr'><strong>Mediolani</strong></span> <span class='ocrx_word' id='word_1_79' title='bbox 638 1518 676 1578; x_wconf 88' lang='lat' dir='ltr'><strong>et</strong></span> <span class='ocrx_word' id='word_1_80' title='bbox 702 1507 905 1577; x_wconf 87' lang='lat' dir='ltr'><strong>communis</strong></span> <span class='ocrx_word' id='word_1_81' title='bbox 931 1505 1182 1584; x_wconf 76' lang='lat' dir='ltr'><strong>othoninum</strong></span> <span class='ocrx_word' id='word_1_82' title='bbox 1207 1501 1416 1595; x_wconf 79' lang='lat' dir='ltr'><strong>Mediolani,</strong></span> <span class='ocrx_word' id='word_1_83' title='bbox 1442 1521 1481 1584; x_wconf 87' lang='lat' dir='ltr'><strong>et</strong></span> 
     </span>
     <span class='ocr_line' id='line_1_13' title="bbox 414 1620 1480 1724; baseline -0.002 -26"><span class='ocrx_word' id='word_1_84' title='bbox 414 1649 536 1724; x_wconf 83' lang='lat' dir='ltr'><strong>regam</strong></span> <span class='ocrx_word' id='word_1_85' title='bbox 561 1638 598 1706; x_wconf 87' lang='lat' dir='ltr'><strong>et</strong></span> <span class='ocrx_word' id='word_1_86' title='bbox 623 1623 820 1704; x_wconf 76' lang='lat' dir='ltr'><strong>custodiam</strong></span> <span class='ocrx_word' id='word_1_87' title='bbox 846 1637 883 1694; x_wconf 88' lang='lat' dir='ltr'><strong>et</strong></span> <span class='ocrx_word' id='word_1_88' title='bbox 909 1622 1130 1696; x_wconf 84' lang='lat' dir='ltr'><strong>conservabo</strong></span> <span class='ocrx_word' id='word_1_89' title='bbox 1157 1635 1192 1700; x_wconf 86' lang='lat' dir='ltr'><strong>et</strong></span> <span class='ocrx_word' id='word_1_90' title='bbox 1217 1620 1411 1699; x_wconf 86' lang='lat' dir='ltr'><strong>defendam</strong></span> <span class='ocrx_word' id='word_1_91' title='bbox 1443 1638 1480 1696; x_wconf 87' lang='lat' dir='ltr'><strong>et</strong></span> 
     </span>
     <span class='ocr_line' id='line_1_14' title="bbox 414 1739 1478 1840; baseline -0.008 -18"><span class='ocrx_word' id='word_1_92' title='bbox 414 1740 656 1822; x_wconf 78' lang='lat' dir='ltr'><strong>manutenebo</strong></span> <span class='ocrx_word' id='word_1_93' title='bbox 698 1765 889 1817; x_wconf 88' lang='lat' dir='ltr'><strong>commune</strong></span> <span class='ocrx_word' id='word_1_94' title='bbox 921 1753 959 1813; x_wconf 89' lang='lat' dir='ltr'><strong>et</strong></span> <span class='ocrx_word' id='word_1_95' title='bbox 983 1739 1148 1815; x_wconf 87' lang='lat' dir='ltr'><strong>homines</strong></span> <span class='ocrx_word' id='word_1_96' title='bbox 1187 1752 1225 1812; x_wconf 87' lang='lat' dir='ltr'><strong>et</strong></span> <span class='ocrx_word' id='word_1_97' title='bbox 1264 1739 1478 1840; x_wconf 81' lang='lat' dir='ltr'><strong>singullares</strong></span> 
     </span>
     <span class='ocr_line' id='line_1_15' title="bbox 416 1855 1479 1964; baseline -0.005 -31"><span class='ocrx_word' id='word_1_98' title='bbox 416 1882 592 1956; x_wconf 86' lang='lat' dir='ltr'><strong>personas</strong></span> <span class='ocrx_word' id='word_1_99' title='bbox 607 1857 760 1940; x_wconf 78' lang='lat' dir='ltr'><strong>civitatis</strong></span> <span class='ocrx_word' id='word_1_100' title='bbox 775 1870 810 1928; x_wconf 88' lang='lat' dir='ltr'><strong>et</strong></span> <span class='ocrx_word' id='word_1_101' title='bbox 823 1855 1008 1930; x_wconf 87' lang='lat' dir='ltr'><strong>districtus</strong></span> <span class='ocrx_word' id='word_1_102' title='bbox 1023 1855 1236 1949; x_wconf 88' lang='lat' dir='ltr'><strong>Mediolani,</strong></span> <span class='ocrx_word' id='word_1_103' title='bbox 1250 1871 1287 1932; x_wconf 91' lang='lat' dir='ltr'><strong>et</strong></span> <span class='ocrx_word' id='word_1_104' title='bbox 1303 1861 1479 1964; x_wconf 85' lang='lat' dir='ltr'><strong>precipue</strong></span> 
     </span>
     <span class='ocr_line' id='line_1_16' title="bbox 416 1973 1482 2075; baseline 0.001 -30"><span class='ocrx_word' id='word_1_105' title='bbox 416 1976 593 2075; x_wconf 91' lang='lat' dir='ltr'><strong>pupillos,</strong></span> <span class='ocrx_word' id='word_1_106' title='bbox 620 1974 765 2048; x_wconf 86' lang='lat' dir='ltr'><strong>orfanos</strong></span> <span class='ocrx_word' id='word_1_107' title='bbox 797 1974 950 2056; x_wconf 83' lang='lat' dir='ltr'><strong>etalias</strong></span> <span class='ocrx_word' id='word_1_108' title='bbox 976 1973 1198 2056; x_wconf 89' lang='lat' dir='ltr'><strong>miserabiles</strong></span> <span class='ocrx_word' id='word_1_109' title='bbox 1223 1999 1417 2074; x_wconf 83' lang='lat' dir='ltr'><strong>personas,</strong></span> <span class='ocrx_word' id='word_1_110' title='bbox 1442 1985 1482 2051; x_wconf 87' lang='lat' dir='ltr'><strong>et</strong></span> 
     </span>
     <span class='ocr_line' id='line_1_17' title="bbox 380 2094 1481 2192; baseline -0.002 -28"><span class='ocrx_word' id='word_1_111' title='bbox 380 2181 384 2188; x_wconf 36' lang='grc'>,</span> <span class='ocrx_word' id='word_1_112' title='bbox 418 2119 546 2178; x_wconf 82' lang='lat' dir='ltr'><strong>eorum</strong></span> <span class='ocrx_word' id='word_1_113' title='bbox 572 2095 666 2176; x_wconf 86' lang='lat' dir='ltr'><strong>bona</strong></span> <span class='ocrx_word' id='word_1_114' title='bbox 693 2107 730 2165; x_wconf 91' lang='lat' dir='ltr'><strong>et</strong></span> <span class='ocrx_word' id='word_1_115' title='bbox 755 2095 832 2167; x_wconf 90' lang='lat' dir='ltr'><strong>iura</strong></span> <span class='ocrx_word' id='word_1_116' title='bbox 857 2105 895 2164; x_wconf 93' lang='lat' dir='ltr'><strong>et</strong></span> <span class='ocrx_word' id='word_1_117' title='bbox 920 2117 978 2164; x_wconf 89' lang='lat' dir='ltr'><strong>res</strong></span> <span class='ocrx_word' id='word_1_118' title='bbox 1001 2104 1079 2174; x_wconf 82' lang='lat' dir='ltr'><strong>toto</strong></span> <span class='ocrx_word' id='word_1_119' title='bbox 1105 2106 1267 2190; x_wconf 88' lang='lat' dir='ltr'><strong>tempore</strong></span> <span class='ocrx_word' id='word_1_120' title='bbox 1293 2095 1366 2172; x_wconf 87' lang='lat' dir='ltr'><strong>mei</strong></span> <span class='ocrx_word' id='word_1_121' title='bbox 1389 2094 1481 2192; x_wconf 79' lang='lat' dir='ltr'><strong>regi·</strong></span> 
     </span>
     <span class='ocr_line' id='line_1_18' title="bbox 417 2209 1480 2310; baseline 0 -28"><span class='ocrx_word' id='word_1_122' title='bbox 417 2211 521 2296; x_wconf 83' lang='lat' dir='ltr'><strong>minis</strong></span> <span class='ocrx_word' id='word_1_123' title='bbox 546 2210 643 2304; x_wconf 80' lang='lat' dir='ltr'><strong>bona</strong></span> <span class='ocrx_word' id='word_1_124' title='bbox 669 2211 791 2287; x_wconf 82' lang='lat' dir='ltr'><strong>fide</strong></span> <span class='ocrx_word' id='word_1_125' title='bbox 762 2235 840 2292; x_wconf 77' lang='lat' dir='ltr'><strong>stne</strong></span> <span class='ocrx_word' id='word_1_126' title='bbox 866 2209 1013 2302; x_wconf 86' lang='lat' dir='ltr'><strong>fraude,</strong></span> <span class='ocrx_word' id='word_1_127' title='bbox 1031 2223 1069 2282; x_wconf 89' lang='lat' dir='ltr'><strong>et</strong></span> <span class='ocrx_word' id='word_1_128' title='bbox 1085 2209 1308 2310; x_wconf 87' lang='lat' dir='ltr'><strong>recuperabo</strong></span> <span class='ocrx_word' id='word_1_129' title='bbox 1334 2211 1480 2290; x_wconf 82' lang='lat' dir='ltr'><strong>iurisdi-</strong></span> 
     </span>
     <span class='ocr_line' id='line_1_19' title="bbox 418 2328 1481 2426; baseline -0.004 -26"><span class='ocrx_word' id='word_1_130' title='bbox 418 2332 576 2422; x_wconf 88' lang='lat' dir='ltr'><strong>ctiones,</strong></span> <span class='ocrx_word' id='word_1_131' title='bbox 601 2330 779 2422; x_wconf 83' lang='lat' dir='ltr'><strong>honores,</strong></span> <span class='ocrx_word' id='word_1_132' title='bbox 806 2331 882 2400; x_wconf 88' lang='lat' dir='ltr'><strong>iura</strong></span> <span class='ocrx_word' id='word_1_133' title='bbox 915 2341 953 2399; x_wconf 93' lang='lat' dir='ltr'><strong>et</strong></span> <span class='ocrx_word' id='word_1_134' title='bbox 985 2352 1042 2400; x_wconf 90' lang='lat' dir='ltr'><strong>res</strong></span> <span class='ocrx_word' id='word_1_135' title='bbox 1077 2330 1299 2426; x_wconf 82' lang='lat' dir='ltr'><strong>pertinentes</strong></span> <span class='ocrx_word' id='word_1_136' title='bbox 1335 2328 1481 2406; x_wconf 86' lang='lat' dir='ltr'><strong>comuni</strong></span> 
     </span>
     <span class='ocr_line' id='line_1_20' title="bbox 417 2430 1481 2578; baseline -0.002 -60"><span class='ocrx_word' id='word_1_137' title='bbox 417 2430 614 2532; x_wconf 80' lang='lat' dir='ltr'><strong>Mediolani</strong></span> <span class='ocrx_word' id='word_1_138' title='bbox 639 2471 719 2518; x_wconf 89' lang='lat' dir='ltr'><strong>meo</strong></span> <span class='ocrx_word' id='word_1_139' title='bbox 745 2470 868 2578; x_wconf 81' lang='lat' dir='ltr'><strong>posse,</strong></span> <span class='ocrx_word' id='word_1_140' title='bbox 888 2457 926 2518; x_wconf 90' lang='lat' dir='ltr'><strong>et</strong></span> <span class='ocrx_word' id='word_1_141' title='bbox 912 2444 1039 2516; x_wconf 87' lang='lat' dir='ltr'><strong>tilla</strong></span> <span class='ocrx_word' id='word_1_142' title='bbox 1030 2471 1068 2516; x_wconf 90' lang='lat' dir='ltr'><strong>m</strong></span> <span class='ocrx_word' id='word_1_143' title='bbox 1094 2446 1225 2543; x_wconf 89' lang='lat' dir='ltr'><strong>quibus</strong></span> <span class='ocrx_word' id='word_1_144' title='bbox 1243 2471 1308 2518; x_wconf 87' lang='lat' dir='ltr'><strong>seu</strong></span> <span class='ocrx_word' id='word_1_145' title='bbox 1325 2472 1481 2576; x_wconf 80' lang='lat' dir='ltr'><strong>qnorum</strong></span> 
     </span>
     <span class='ocr_line' id='line_1_21' title="bbox 417 2563 1483 2664; baseline 0.001 -29"><span class='ocrx_word' id='word_1_146' title='bbox 417 2569 646 2664; x_wconf 88' lang='lat' dir='ltr'><strong>possessione</strong></span> <span class='ocrx_word' id='word_1_147' title='bbox 672 2590 735 2636; x_wconf 91' lang='lat' dir='ltr'><strong>seu</strong></span> <span class='ocrx_word' id='word_1_148' title='bbox 762 2565 864 2662; x_wconf 88' lang='lat' dir='ltr'><strong>quasi</strong></span> <span class='ocrx_word' id='word_1_149' title='bbox 890 2563 960 2636; x_wconf 84' lang='lat' dir='ltr'><strong>fuit</strong></span> <span class='ocrx_word' id='word_1_150' title='bbox 977 2577 1039 2634; x_wconf 85' lang='lat' dir='ltr'><strong>aut</strong></span> <span class='ocrx_word' id='word_1_151' title='bbox 1064 2587 1141 2636; x_wconf 91' lang='lat' dir='ltr'><strong>esse</strong></span> <span class='ocrx_word' id='word_1_152' title='bbox 1168 2563 1296 2636; x_wconf 81' lang='lat' dir='ltr'><strong>debuit</strong></span> <span class='ocrx_word' id='word_1_153' title='bbox 1319 2563 1483 2644; x_wconf 89' lang='lat' dir='ltr'><strong>comunis</strong></span> 
     </span>
    </p>

    <p class='ocr_par' dir='ltr' id='par_1_9' title="bbox 345 2681 1488 4079">
     <span class='ocr_line' id='line_1_22' title="bbox 387 2681 1483 2784; baseline 0.003 -31"><span class='ocrx_word' id='word_1_154' title='bbox 387 2769 389 2774; x_wconf 67' lang='lat'>,</span> <span class='ocrx_word' id='word_1_155' title='bbox 419 2681 614 2756; x_wconf 87' lang='lat' dir='ltr'><strong>Mediolani</strong></span> <span class='ocrx_word' id='word_1_156' title='bbox 628 2684 725 2755; x_wconf 85' lang='lat' dir='ltr'><strong>iuxta</strong></span> <span class='ocrx_word' id='word_1_157' title='bbox 742 2681 897 2756; x_wconf 87' lang='lat' dir='ltr'><strong>formam</strong></span> <span class='ocrx_word' id='word_1_158' title='bbox 915 2682 1483 2784; x_wconf 82' lang='lat' dir='ltr'><strong>privilegiorum,possessionum</strong></span> 
     </span>
     <span class='ocr_line' id='line_1_23' title="bbox 351 2799 1485 2903; baseline -0.004 -25"><span class='ocrx_word' id='word_1_159' title='bbox 351 2891 353 2898; x_wconf 27' lang='grc' dir='ltr'>Ι</span> <span class='ocrx_word' id='word_1_160' title='bbox 420 2815 457 2878; x_wconf 89' lang='lat' dir='ltr'><strong>et</strong></span> <span class='ocrx_word' id='word_1_161' title='bbox 482 2804 611 2888; x_wconf 85' lang='lat' dir='ltr'><strong>iurium</strong></span> <span class='ocrx_word' id='word_1_162' title='bbox 636 2804 751 2903; x_wconf 90' lang='lat' dir='ltr'><strong>ipsius</strong></span> <span class='ocrx_word' id='word_1_163' title='bbox 787 2803 964 2894; x_wconf 85' lang='lat' dir='ltr'><strong>comunis,</strong></span> <span class='ocrx_word' id='word_1_164' title='bbox 991 2814 1030 2872; x_wconf 93' lang='lat' dir='ltr'><strong>et</strong></span> <span class='ocrx_word' id='word_1_165' title='bbox 1055 2827 1122 2900; x_wconf 90' lang='lat' dir='ltr'><strong>pro</strong></span> <span class='ocrx_word' id='word_1_166' title='bbox 1149 2825 1257 2902; x_wconf 82' lang='lat' dir='ltr'><strong>posse</strong></span> <span class='ocrx_word' id='word_1_167' title='bbox 1283 2799 1411 2879; x_wconf 82' lang='lat' dir='ltr'><strong>faciam</strong></span> <span class='ocrx_word' id='word_1_168' title='bbox 1428 2815 1485 2874; x_wconf 82' lang='lat' dir='ltr'><strong>&#39;ut</strong></span> 
     </span>
     <span class='ocr_line' id='line_1_24' title="bbox 419 2919 1485 3018; baseline 0 -28"><span class='ocrx_word' id='word_1_169' title='bbox 419 2923 536 3018; x_wconf 91' lang='lat' dir='ltr'><strong>ipsum</strong></span> <span class='ocrx_word' id='word_1_170' title='bbox 562 2941 753 3004; x_wconf 89' lang='lat' dir='ltr'><strong>commune</strong></span> <span class='ocrx_word' id='word_1_171' title='bbox 786 2919 952 2992; x_wconf 87' lang='lat' dir='ltr'><strong>omnibus</strong></span> <span class='ocrx_word' id='word_1_172' title='bbox 980 2921 1053 2991; x_wconf 91' lang='lat' dir='ltr'><strong>suis</strong></span> <span class='ocrx_word' id='word_1_173' title='bbox 1079 2919 1218 2995; x_wconf 86' lang='lat' dir='ltr'><strong>iuribus</strong></span> <span class='ocrx_word' id='word_1_174' title='bbox 1252 2921 1389 3018; x_wconf 85' lang='lat' dir='ltr'><strong>integre</strong></span> <span class='ocrx_word' id='word_1_175' title='bbox 1414 2943 1485 3018; x_wconf 90' lang='lat' dir='ltr'><strong>po-</strong></span> 
     </span>
     <span class='ocr_line' id='line_1_25' title="bbox 419 3017 1481 3136; baseline 0.001 -28"><span class='ocrx_word' id='word_1_176' title='bbox 419 3039 539 3130; x_wconf 84' lang='lat' dir='ltr'><strong>tiatur,</strong></span> <span class='ocrx_word' id='word_1_177' title='bbox 557 3050 595 3109; x_wconf 92' lang='lat' dir='ltr'><strong>et</strong></span> <span class='ocrx_word' id='word_1_178' title='bbox 612 3038 712 3135; x_wconf 93' lang='lat' dir='ltr'><strong>quod</strong></span> <span class='ocrx_word' id='word_1_179' title='bbox 729 3065 775 3111; x_wconf 91' lang='lat' dir='ltr'><strong>ne</strong></span> <span class='ocrx_word' id='word_1_180' title='bbox 795 3041 875 3136; x_wconf 91' lang='lat' dir='ltr'><strong>quis</strong></span> <span class='ocrx_word' id='word_1_181' title='bbox 894 3036 940 3110; x_wconf 92' lang='lat' dir='ltr'><strong>ab</strong></span> <span class='ocrx_word' id='word_1_182' title='bbox 961 3063 1004 3108; x_wconf 88' lang='lat' dir='ltr'><strong>ea</strong></span> <span class='ocrx_word' id='word_1_183' title='bbox 1022 3037 1270 3113; x_wconf 85' lang='lat' dir='ltr'><strong>iurisdictione</strong></span> <span class='ocrx_word' id='word_1_184' title='bbox 1289 3040 1337 3112; x_wconf 88' lang='lat' dir='ltr'><strong>sit</strong></span> <span class='ocrx_word' id='word_1_185' title='bbox 1359 3017 1481 3114; x_wconf 83' lang='lat' dir='ltr'><strong>exem·</strong></span> 
     </span>
     <span class='ocr_line' id='line_1_26' title="bbox 418 3139 1483 3256; baseline -0.001 -29"><span class='ocrx_word' id='word_1_186' title='bbox 418 3168 503 3256; x_wconf 88' lang='lat' dir='ltr'><strong>ptus</strong></span> <span class='ocrx_word' id='word_1_187' title='bbox 530 3139 587 3228; x_wconf 85' lang='lat' dir='ltr'><strong>vel</strong></span> <span class='ocrx_word' id='word_1_188' title='bbox 613 3157 803 3247; x_wconf 85' lang='lat' dir='ltr'><strong>immunis.;</strong></span> <span class='ocrx_word' id='word_1_189' title='bbox 828 3169 863 3227; x_wconf 91' lang='lat' dir='ltr'><strong>et</strong></span> <span class='ocrx_word' id='word_1_190' title='bbox 881 3153 1063 3227; x_wconf 88' lang='lat' dir='ltr'><strong>attendam</strong></span> <span class='ocrx_word' id='word_1_191' title='bbox 1082 3169 1119 3227; x_wconf 92' lang='lat' dir='ltr'><strong>et</strong></span> <span class='ocrx_word' id='word_1_192' title='bbox 1135 3153 1336 3231; x_wconf 86' lang='lat' dir='ltr'><strong>observabo</strong></span> <span class='ocrx_word' id='word_1_193' title='bbox 1360 3157 1483 3230; x_wconf 90' lang='lat' dir='ltr'><strong>omnia</strong></span> 
     </span>
     <span class='ocr_line' id='line_1_27' title="bbox 420 3269 1484 3376; baseline -0.002 -32"><span class='ocrx_word' id='word_1_194' title='bbox 420 3287 571 3365; x_wconf 85' lang='lat' dir='ltr'><strong>statuta,</strong></span> <span class='ocrx_word' id='word_1_195' title='bbox 598 3273 849 3360; x_wconf 79' lang='lat' dir='ltr'><strong>ordinamenta</strong></span> <span class='ocrx_word' id='word_1_196' title='bbox 887 3287 923 3346; x_wconf 92' lang='lat' dir='ltr'><strong>et</strong></span> <span class='ocrx_word' id='word_1_197' title='bbox 960 3271 1247 3355; x_wconf 84' lang='lat' dir='ltr'><strong>refformationes</strong></span> <span class='ocrx_word' id='word_1_198' title='bbox 1275 3269 1484 3376; x_wconf 75' lang='lat' dir='ltr'><strong>Mediolani</strong></span> 
     </span>
     <span class='ocr_line' id='line_1_28' title="bbox 418 3390 1484 3493; baseline 0 -29"><span class='ocrx_word' id='word_1_199' title='bbox 418 3392 511 3468; x_wconf 82' lang='lat' dir='ltr'><strong>facta</strong></span> <span class='ocrx_word' id='word_1_200' title='bbox 532 3406 573 3480; x_wconf 85' lang='lat' dir='ltr'><strong>¹et</strong></span> <span class='ocrx_word' id='word_1_201' title='bbox 600 3418 672 3493; x_wconf 90' lang='lat' dir='ltr'><strong>que</strong></span> <span class='ocrx_word' id='word_1_202' title='bbox 698 3390 788 3468; x_wconf 79' lang='lat' dir='ltr'><strong>stent</strong></span> <span class='ocrx_word' id='word_1_203' title='bbox 819 3416 900 3482; x_wconf 87' lang='lat' dir='ltr'><strong>meo</strong></span> <span class='ocrx_word' id='word_1_204' title='bbox 929 3405 1111 3491; x_wconf 86' lang='lat' dir='ltr'><strong>tempore,</strong></span> <span class='ocrx_word' id='word_1_205' title='bbox 1137 3405 1174 3466; x_wconf 87' lang='lat' dir='ltr'><strong>et</strong></span> <span class='ocrx_word' id='word_1_206' title='bbox 1204 3392 1484 3470; x_wconf 80' lang='lat' dir='ltr'><strong>constitutiones</strong></span> 
     </span>
     <span class='ocr_line' id='line_1_29' title="bbox 419 3508 1488 3608; baseline 0.002 -27"><span class='ocrx_word' id='word_1_207' title='bbox 419 3511 532 3582; x_wconf 89' lang='lat' dir='ltr'><strong>editas</strong></span> <span class='ocrx_word' id='word_1_208' title='bbox 559 3525 684 3584; x_wconf 87' lang='lat' dir='ltr'><strong>contra</strong></span> <span class='ocrx_word' id='word_1_209' title='bbox 710 3511 903 3582; x_wconf 89' lang='lat' dir='ltr'><strong>hereticam</strong></span> <span class='ocrx_word' id='word_1_210' title='bbox 927 3513 1140 3608; x_wconf 88' lang='lat' dir='ltr'><strong>pravitatem</strong></span> <span class='ocrx_word' id='word_1_211' title='bbox 1150 3523 1240 3582; x_wconf 90' lang='lat' dir='ltr'><strong>tam</strong></span> <span class='ocrx_word' id='word_1_212' title='bbox 1267 3508 1488 3586; x_wconf 74' lang='lat' dir='ltr'><strong>canon-iehan</strong></span> 
     </span>
     <span class='ocr_line' id='line_1_30' title="bbox 420 3626 1483 3726; baseline -0.003 -27"><span class='ocrx_word' id='word_1_213' title='bbox 420 3653 530 3726; x_wconf 87' lang='lat' dir='ltr'><strong>quam</strong></span> <span class='ocrx_word' id='word_1_214' title='bbox 548 3629 691 3720; x_wconf 81' lang='lat' dir='ltr'><strong>civiles3</strong></span> <span class='ocrx_word' id='word_1_215' title='bbox 711 3642 747 3702; x_wconf 93' lang='lat' dir='ltr'><strong>et</strong></span> <span class='ocrx_word' id='word_1_216' title='bbox 765 3654 827 3701; x_wconf 80' lang='lat' dir='ltr'><strong>ero</strong></span> <span class='ocrx_word' id='word_1_217' title='bbox 847 3641 1040 3702; x_wconf 88' lang='lat' dir='ltr'><strong>contentus</strong></span> <span class='ocrx_word' id='word_1_218' title='bbox 1059 3629 1095 3703; x_wconf 90' lang='lat' dir='ltr'><strong>in</strong></span> <span class='ocrx_word' id='word_1_219' title='bbox 1111 3627 1254 3708; x_wconf 83' lang='lat' dir='ltr'><strong>sallario</strong></span> <span class='ocrx_word' id='word_1_220' title='bbox 1272 3626 1382 3705; x_wconf 85' lang='lat' dir='ltr'><strong>michi</strong></span> <span class='ocrx_word' id='word_1_221' title='bbox 1395 3639 1483 3703; x_wconf 88' lang='lat' dir='ltr'><strong>con·</strong></span> 
     </span>
     <span class='ocr_line' id='line_1_31' title="bbox 420 3733 1484 3845; baseline 0.002 -29"><span class='ocrx_word' id='word_1_222' title='bbox 420 3771 542 3838; x_wconf 80' lang='lat' dir='ltr'><strong>cesso,</strong></span> <span class='ocrx_word' id='word_1_223' title='bbox 568 3773 637 3819; x_wconf 90' lang='lat' dir='ltr'><strong>nec</strong></span> <span class='ocrx_word' id='word_1_224' title='bbox 664 3749 759 3819; x_wconf 90' lang='lat' dir='ltr'><strong>ultra</strong></span> <span class='ocrx_word' id='word_1_225' title='bbox 785 3733 860 3818; x_wconf 92' lang='lat' dir='ltr'><strong>ullo</strong></span> <span class='ocrx_word' id='word_1_226' title='bbox 887 3746 995 3816; x_wconf 90' lang='lat' dir='ltr'><strong>modo</strong></span> <span class='ocrx_word' id='word_1_227' title='bbox 1021 3746 1112 3818; x_wconf 91' lang='lat' dir='ltr'><strong>vel</strong></span> <span class='ocrx_word' id='word_1_228' title='bbox 1103 3747 1248 3843; x_wconf 76' lang='lat' dir='ltr'><strong>ingenio</strong></span> <span class='ocrx_word' id='word_1_229' title='bbox 1270 3759 1392 3845; x_wconf 82' lang='lat' dir='ltr'><strong>petam</strong></span> <span class='ocrx_word' id='word_1_230' title='bbox 1416 3769 1484 3820; x_wconf 83' lang='lat' dir='ltr'><strong>neo</strong></span> 
     </span>
     <span class='ocr_line' id='line_1_32' title="bbox 407 3863 1484 3964; baseline -0.002 -30"><span class='ocrx_word' id='word_1_231' title='bbox 407 3865 589 3962; x_wconf 8' lang='lat' dir='ltr'><strong>‘recipiam</strong></span> <span class='ocrx_word' id='word_1_232' title='bbox 609 3889 674 3936; x_wconf 89' lang='lat' dir='ltr'><strong>nec</strong></span> <span class='ocrx_word' id='word_1_233' title='bbox 693 3865 916 3963; x_wconf 80' lang='lat' dir='ltr'><strong>procurabo,</strong></span> <span class='ocrx_word' id='word_1_234' title='bbox 934 3877 972 3936; x_wconf 90' lang='lat' dir='ltr'><strong>et</strong></span> <span class='ocrx_word' id='word_1_235' title='bbox 989 3863 1166 3961; x_wconf 82' lang='lat' dir='ltr'><strong>expellam</strong></span> <span class='ocrx_word' id='word_1_236' title='bbox 1182 3877 1218 3934; x_wconf 91' lang='lat' dir='ltr'><strong>et</strong></span> <span class='ocrx_word' id='word_1_237' title='bbox 1235 3865 1383 3964; x_wconf 84' lang='lat' dir='ltr'><strong>puniam</strong></span> <span class='ocrx_word' id='word_1_238' title='bbox 1401 3886 1484 3934; x_wconf 90' lang='lat' dir='ltr'><strong>meo</strong></span> 
     </span>
     <span class='ocr_line' id='line_1_33' title="bbox 345 3980 1488 4079; baseline -0.003 -27"><span class='ocrx_word' id='word_1_239' title='bbox 345 4030 347 4034; x_wconf 31' lang='lat' dir='ltr'>v</span> <span class='ocrx_word' id='word_1_240' title='bbox 421 4005 528 4079; x_wconf 90' lang='lat' dir='ltr'><strong>posse</strong></span> <span class='ocrx_word' id='word_1_241' title='bbox 547 4006 670 4052; x_wconf 89' lang='lat' dir='ltr'><strong>omnes</strong></span> <span class='ocrx_word' id='word_1_242' title='bbox 688 3981 831 4053; x_wconf 89' lang='lat' dir='ltr'><strong>banitos</strong></span> <span class='ocrx_word' id='word_1_243' title='bbox 859 3980 1034 4053; x_wconf 87' lang='lat' dir='ltr'><strong>mallelitii</strong></span> <span class='ocrx_word' id='word_1_244' title='bbox 1054 3981 1089 4050; x_wconf 87' lang='lat' dir='ltr'><strong>in</strong></span> <span class='ocrx_word' id='word_1_245' title='bbox 1109 3981 1249 4052; x_wconf 89' lang='lat' dir='ltr'><strong>civitate</strong></span> <span class='ocrx_word' id='word_1_246' title='bbox 1266 3995 1302 4052; x_wconf 93' lang='lat' dir='ltr'><strong>et</strong></span> <span class='ocrx_word' id='word_1_247' title='bbox 1320 3980 1488 4059; x_wconf 79' lang='lat' dir='ltr'><strong>districtu</strong></span> 
     </span>
    </p>
   </div>
   <div class='ocr_carea' id='block_1_4' title="bbox 0 0 1711 5122">
    <p class='ocr_par' dir='ltr' id='par_1_10' title="bbox 0 0 1711 5122">
     <span class='ocr_line' id='line_1_34' title="bbox 0 0 1711 5122; baseline 0 0"><span class='ocrx_word' id='word_1_248' title='bbox 0 0 1711 5122; x_wconf 95' lang='lat' dir='ltr'><strong> </strong></span> 
     </span>
    </p>
   </div>
  </div>
 </body>
</html>
