3416 5054
1214 337 1278 405 tat

235 473 302 526 oos
315 453 352 524 in
368 449 490 550 aliquo
508 451 715 542 molestare3
730 454 810 542 etsi
826 443 1291 543 contrafecerint,'teneatur

234 568 330 642 dom.
349 581 509 670 potestas
526 569 793 669 condempnare
810 566 1120 650 contralatientem
1136 570 1174 640 in
1191 567 1289 640 libris

235 699 380 758 centurn
406 687 537 760 tertiol.
557 687 719 786 qualibet
743 688 820 760 vice
846 711 918 784 qua
943 683 1229 777 contrafecerint,
1254 698 1291 758 et

235 804 287 878 ad·
296 789 556 878 restituendum
574 818 754 878 carcerato
772 817 810 878 et
828 805 890 896 illi,
909 807 1009 876 cuius
1027 803 1146 876 forent
1161 803 1290 893 bestie,

234 921 410 1020 quicquid
435 924 469 993 ei
493 923 650 996 ablatum
676 921 784 994 luerit
809 935 934 994 centra
960 921 1119 1022 predicta
1144 921 1182 991 in
1207 943 1292 1018 qua-

237 1037 424 1137 druplum,
452 1052 489 1111 et
513 1039 612 1138 quod
629 1039 782 1136 quilibet
797 1041 911 1137 possit
926 1062 1095 1110 accusare
1115 1062 1176 1110 seu
1201 1037 1292 1109 noti-

237 1153 360 1249 ficare,
378 1169 415 1230 et
431 1155 563 1230 habeat
581 1157 821 1248 medietatem,
837 1168 874 1228 et
890 1157 1056 1228 credatur
1071 1137 1291 1228 sacramento

237 1275 315 1356 eius
348 1291 431 1345 c'um
462 1291 535 1346 uno
569 1286 685 1367 teste,
706 1285 743 1347 et
777 1261 1044 1347 nichilominus
1063 1275 1109 1344 sit
1132 1274 1292 1372 privatus

237 1393 318 1493 ipso
343 1393 422 1464 iure
447 1417 468 1464 a
492 1392 590 1465 dicto
607 1391 723 1464 offitio
740 1404 777 1466 et
792 1395 892 1464 omni
909 1393 988 1464 iure
1012 1390 1088 1486 sibi¹
1103 1391 1293 1488 pertinenti

238 1509 397 1582 indicto
428 1509 543 1581 offitio
576 1511 633 1584 vel
664 1513 741 1583 eius
775 1512 970 1584 oocaxione
1004 1509 1139 1606 absque
1175 1507 1293 1607 aliqua

238 1629 482 1720 restitutione,
499 1632 581 1727 ipso
604 1641 789 1701 contractu
808 1630 846 1700 in
863 1652 926 1700 sua
942 1624 1111 1698 firmitate
1128 1639 1293 1700 manente

239 1746 276 1815 in
301 1746 539 1845 preiudicium
564 1747 752 1818 custodum
778 1748 851 1818 sive
877 1744 1055 1837 custodis3
1082 1756 1120 1816 et
1144 1742 1296 1842 quilibet

239 1862 417 1936 iusdicens
450 1866 488 1934 in
521 1866 664 1937 civitate
698 1864 891 1938 Mediolani
918 1876 1081 1967 teneatur
1108 1876 1145 1934 et
1169 1861 1295 1937 debeat

240 1982 441 2082 inquirere,
458 1982 655 2082 procedere
673 1994 711 2054 et
727 1982 994 2083 condempnare
1019 2006 1062 2054 ex
1078 1979 1193 2053 offitio
1210 2004 1294 2072 suo,

241 2112 279 2170 et
319 2101 431 2198 ipsam
474 2097 835 2199 condempnationem
879 2099 1080 2174 executioni
1123 2098 1297 2170 mandare

241 2217 405 2291 onmibu's
429 2220 515 2291 iuris
541 2221 710 2292 remediis
728 2232 854 2291 contra
871 2221 989 2319 ipsum
1006 2221 1137 2292 eteius
1154 2197 1295 2290 fideius,

240 2361 341 2410 sores
354 2349 390 2408 et
403 2334 594 2410 cuiuslibet
610 2363 736 2410 eorum
755 2338 869 2427 bona;
883 2349 921 2408 et
933 2339 963 2409 si
975 2338 1103 2436 aliquis
1117 2337 1310 2410 dictorum

241 2454 494 2528 iusdicentium
520 2454 628 2528 luerit
652 2456 836 2556 negligens
857 2456 914 2528 vel
932 2456 1101 2528 remissus
1118 2455 1156 2525 in
1174 2455 1296 2552 aliquo

240 2573 502 2673 predictorum,
520 2572 802 2676 condempnetur
819 2577 857 2646 in
874 2574 974 2647 libris
996 2585 1137 2646 centum
1164 2572 1295 2646 tertiol.

240 2691 407 2791 qualibet
417 2695 510 2782 vice;
537 2705 576 2765 et
590 2694 692 2792 'quod
704 2693 756 2766 'de
773 2691 947 2794 predictis
964 2692 1022 2766 vel
1040 2690 1203 2792 quolibet
1219 2717 1298 2792 pre-

240 2809 418 2886 dictorum
436 2811 604 2884 dominus
616 2825 770 2912 potestas
784 2823 821 2883 et
834 2813 910 2885 eius
929 2812 1081 2884 vicarius
1095 2824 1132 2882 et
1144 2809 1301 2909 quilibet

241 2945 367 3006 eorum
384 2935 541 3033 possint,
559 2931 713 3006 debeant
728 2945 766 3005 et
783 2941 973 3006 teneantur
998 2933 1198 3030 inquirere,
1216 2955 1298 3030 pro

242 3051 371 3124 cedere
398 3067 433 3124 et
459 3051 728 3151 condempnare
743 3065 780 3124 et
797 3053 943 3150 exigere
960 3063 1086 3122 contra
1102 3048 1299 3148 quemlibet

242 3181 280 3244 et
313 3195 333 3241 a
368 3167 531 3267 quolibet
562 3169 808 3268 predictorum
846 3168 1006 3241 iudicum
1037 3169 1295 3268 negligentium

241 3288 299 3362 vel
324 3289 555 3360 remissorum
580 3281 625 3359 in¹
645 3287 766 3388 aliquo
798 3287 1068 3388 predictorum,
1103 3287 1170 3358 sub
1203 3307 1298 3384 pena

242 3406 417 3480 librarum
443 3408 721 3506 quingentarum
747 3406 971 3480 tertiolorum
1002 3406 1058 3476 sui
1085 3404 1224 3496 salarii,
1250 3401 1298 3474 de

238 3549 313 3624 ¹qua
324 3526 471 3625 'possint
495 3537 532 3598 et
556 3523 715 3598 debeant
730 3524 920 3617 sindicari3
938 3536 977 3596 et
994 3523 1143 3595 vicarius
1160 3521 1317 3610 domini⁴
1345 3581 1347 3586 ,

243 3645 428 3742 potestatis
460 3655 627 3716 teneatur
651 3644 748 3714 omni
774 3667 898 3714 mense
919 3643 1111 3739 'inquirere
1137 3664 1156 3712 a
1184 3662 1302 3710 carce-

243 3760 329 3832 ratis
356 3773 392 3832 'et
415 3758 473 3833 ab
493 3761 568 3834 aliis
603 3772 738 3856 contra
753 3762 959 3861 superstites
985 3771 1024 3831 et
1048 3759 1137 3830 alios
1162 3755 1298 3830 ibidem

243 3889 400 3970 utentes,
414 3891 456 3966 ¹et
481 3905 543 3962 eos
568 3881 695 3978 punire
720 3893 757 3952 et
782 3877 1068 3978 condempnare,
1084 3889 1121 3950 et
1146 3859 1301 3974 quilibet

242 3999 359 4098 possit
384 3994 573 4074 notificare
594 3982 638 4070 ¹ct
663 3996 798 4070 lrabeat
821 3994 1061 4070 medietatem.
