3416 5054
1261 277 1332 348 423

285 393 516 466 camerarium.
542 417 606 466 seu
633 390 789 464 offitium
815 393 1108 484 camerariorum,
1135 404 1172 464 et
1197 383 1340 465 causam

240 553 244 560 ·
283 521 436 609 propter
462 533 570 606 quam
585 507 728 582 ¹robata
760 519 866 600 sunt,
900 505 967 580 sub
993 531 1084 608 pena
1118 504 1261 580 offitiali
1285 533 1341 580 ro-

285 625 403 700 batori
428 625 589 716 infamie3
608 638 644 698 et
661 625 755 698 ultra
772 637 920 724 cogatur
934 626 1059 714 ¹statim
1083 649 1150 726 per
1176 624 1341 700 dominos

284 767 344 816 sex
380 743 517 843 absque
549 744 616 814 alia
648 741 976 841 condempnatione
1009 740 1166 818 fationda
1201 742 1342 817 solvere
1444 799 1445 802 ,

283 863 479 935 canevariis
506 862 668 934 comunis
695 859 889 932 Mediolani
914 859 1024 932 libras
1054 857 1181 930 decem
1208 857 1340 936 tertiol.

284 980 321 1050 in
346 979 496 1077 pecunia
522 989 708 1050 numerata
733 978 810 1050 sine
836 977 1148 1077 compensatione,
1166 976 1220 1050 vel
1241 978 1342 1074 quod

286 1096 409 1170 saltem
426 1108 581 1194 ponatur
597 1095 645 1168 ad
662 1111 806 1168 catenas
826 1094 949 1194 palatii
966 1095 1127 1166 inoluxus
1144 1121 1228 1167 cum
1246 1095 1344 1170 collo

284 1238 349 1312 per
360 1214 517 1289 medium
535 1211 793 1312 arenghariam,
810 1212 873 1287 ubi
889 1225 1048 1284 stet'uno
1065 1212 1124 1284 die
1143 1212 1342 1312 completo;

266 1333 268 1335 ’
285 1342 324 1404 et
339 1330 591 1406 nichilominus
608 1343 801 1430 antequam
823 1331 1054 1429 permittatur
1071 1329 1267 1404 de'virtute
1285 1357 1343 1403 co

285 1451 403 1520 munis
428 1447 642 1540 Mediolani,
670 1446 785 1520 solvat
818 1450 932 1546 ipsam
957 1473 1111 1548 penam,
1136 1461 1173 1522 et
1198 1451 1243 1522 sit
1263 1450 1343 1548 ipso

285 1567 364 1638 iure
390 1563 546 1656 infamis,
563 1577 600 1638 et
617 1566 780 1637 notarius
797 1570 816 1614 Α
833 1566 910 1638 eius
936 1590 1008 1636 non
1032 1568 1261 1664 permittatur
1286 1591 1344 1638 re·

285 1681 436 1776 cedere,
462 1681 578 1756 donec
598 1681 748 1756 solverit
774 1681 897 1754 soldos
917 1669 1153 1781 quadraginta
1177 1682 1341 1756 tertiolo·

286 1783 382 1892 rum,
408 1811 446 1873 et
471 1802 623 1872 servitor
648 1800 713 1874 sol.
740 1799 868 1872 decem
893 1799 1040 1894 tertiol,
1057 1812 1096 1873 et
1120 1800 1216 1874 ultra
1241 1798 1344 1902 nullo

285 1929 449 2020 tempore
478 1917 540 1990 ille
573 1915 654 1990 talis
685 1915 844 1990 offitialis
875 1929 913 1988 et
942 1917 1092 1991 robator
1125 1913 1199 1990 non
1224 1920 1343 2016 possit

278 2033 453 2109 *exercere
479 2033 626 2132 aliquod
643 2031 801 2106 offitium
818 2059 886 2132 pro
907 2036 1053 2106 comuni
1074 2033 1269 2108 Mediolani
1284 2033 1344 2106 vel

286 2153 479 2226 occaxione
496 2152 660 2224 comunis
677 2149 889 2254 Mediolani,
904 2154 986 2224 etsi
1000 2137 1212 2244 exercuerit,
1230 2154 1344 2255 possit

285 2292 356 2367 per·
376 2281 644 2368 quemcumque
669 2267 804 2344 offendi
830 2271 868 2340 in
894 2294 998 2342 avere
1023 2282 1062 2342 et
1085 2293 1253 2370 persona.

317 2387 404 2462 ¹Illa
429 2415 515 2461 vero
545 2391 691 2488 pignera
717 2412 787 2484 que
813 2387 941 2460 robata
966 2387 1121 2480 fuerint,
1146 2399 1187 2458 ut
1213 2413 1342 2487 supra,

285 2508 322 2578 in
336 2510 510 2580 comitatu
523 2505 731 2596 Mediolani,
744 2505 903 2580 debeant
920 2502 1012 2578 infra
1026 2505 1221 2582 secundam
1236 2505 1343 2595 diem,

285 2635 328 2694 ut
352 2633 462 2722 supra
471 2680 482 2715 ,
500 2649 542 2697 ex
558 2648 631 2721 quo
654 2623 828 2697 redierint
851 2622 897 2696 ad
915 2624 1122 2715 civitatem,
1140 2625 1344 2722 consignari

285 2740 342 2814 vel
362 2741 493 2842 vsaltem
519 2743 557 2812 in
584 2743 726 2840 scriptis
753 2740 832 2812 d'ari
857 2742 1054 2812 canevariis
1079 2767 1142 2814 seu
1174 2765 1344 2840 canevay⁶

285 2857 371 2930 rolis
398 2859 560 2930 comunis
585 2856 780 2930 Mediolani
806 2857 875 2926 sub
900 2857 1071 2955 predictis
1097 2857 1211 2956 penis.
1411 2919 1412 2922 ,

290 3025 298 3034 .
335 2971 566 3045 CLXXXIV.
595 2973 704 3070 thd
727 2971 892 3110 ‹fficialcs
923 2978 1127 3048 exactionis
1153 2971 1268 3046 scribi
1279 2961 1344 3073 fir

283 3097 387 3169 dont.
397 3098 435 3174 in
460 3093 563 3166 libris
589 3097 664 3164 suis
689 3095 834 3166 nornina
871 3106 904 3164 et
936 3097 1152 3188 cognomino
1179 3105 1215 3162 et
1239 3090 1342 3170 habi-

282 3214 450 3284 tationem
475 3225 510 3282 et
534 3235 684 3284 causam
700 3214 807 3309 capti
831 3213 890 3282 vel
914 3209 1045 3283 robati.

283 3329 530 3422 Quilibet
520 3327 681 3402 offitialis
712 3329 851 3403 habens
878 3326 933 3400 vel
959 3327 1174 3404 habiturus
1179 3283 1342 3404 offitium

284 3449 479 3522 incivitate
496 3447 552 3520 vel
571 3448 721 3520 comitat
721 3473 745 3516 u
707 3446 956 3523 tMediolani
974 3446 1170 3519 exactionis
1187 3445 1342 3544 pecunie

285 3566 650 3646 comunisMediolani
667 3565 713 3638 ad
731 3563 944 3665 exigendum
963 3565 1162 3662 pecuniam,
1179 3573 1343 3640 teneatur

284 3697 321 3754 et
347 3683 478 3754 debeat
511 3685 670 3758 scribere
702 3683 758 3756 vel
790 3683 897 3760 scribi
930 3680 1049 3753 facere
1074 3682 1110 3750 in
1136 3677 1237 3750 libris
1269 3681 1341 3750 suis

284 3826 417 3898 nomen
449 3815 484 3874 et
516 3827 717 3900 cognomen
750 3814 788 3874 et
822 3814 963 3900 portam
990 3811 1027 3870 et
1051 3797 1257 3898 parochiam
1283 3795 1338 3868 vel
1368 3798 1369 3801 ’

282 4074 301 4116 Α
326 4085 339 4113 α
359 4064 425 4122 civis
444 4088 456 4113 »
474 4066 521 4134 (in
541 4065 605 4120 cod.
623 4065 704 4133 eod).
803 4055 806 4059 ’
