3386 5122
439 339 485 414 tt

434 459 716 531 iurisdictionem
745 458 799 532 vel
826 459 1002 531 honorem
1025 459 1152 533 velius
1172 461 1334 534 comunis
1354 458 1491 535 Medio-

429 560 506 648 lani
532 563 657 649 contra
682 577 761 648 iura
779 580 816 649 in
841 575 1117 650 diminutionem
1136 579 1419 679 privillegiorum
1435 579 1492 652 vel

433 697 562 766 iurium
589 697 754 767 comunis
782 695 996 788 Mediolani,
1026 721 1094 768 nec
1121 699 1190 795 ipsi
1215 700 1364 798 comuni
1395 697 1490 769 iniu-

431 815 561 905 rietur;
588 829 625 885 et
651 837 801 912 operam
829 813 916 885 dare
936 823 1015 884 toto
1032 837 1098 886 suo
1116 839 1224 914 posse
1240 829 1279 887 et
1295 815 1400 887 offitii
1418 818 1491 907 sui,

432 943 473 1001 ut
498 957 623 1002 omnes
657 931 925 1003 iurisdictiones
957 947 995 1004 et
1026 932 1200 1026 honores,
1235 959 1289 1005 res
1322 946 1358 1006 et
1387 935 1489 1023 iura,

432 1051 536 1148 rippe
556 1049 744 1120 fluminum
765 1063 802 1122 et
824 1073 1013 1148 aquarum,
1028 1063 1066 1122 et
1088 1052 1167 1150 ipsa
1186 1047 1337 1123 flumina
1354 1065 1390 1124 et
1404 1074 1488 1151 pon·

431 1181 502 1257 tes,
519 1169 583 1266 qui
610 1179 694 1237 sunt
719 1189 828 1265 super
847 1169 934 1266 ipsis
951 1167 1176 1260 fluminibus,
1195 1172 1258 1269 qui
1275 1182 1402 1268 etque
1419 1171 1491 1242 sint

432 1283 595 1356 comunis
622 1283 845 1375 Mediolani,
878 1287 916 1356 in
952 1288 1098 1357 comuni
1129 1285 1327 1358 Mediolani
1360 1289 1432 1358 sint
1456 1299 1493 1356 et

431 1417 668 1503 permaneant
694 1404 769 1474 sine
796 1402 937 1475 lexione
964 1402 1105 1502 aliqua;
1132 1417 1170 1476 et
1191 1403 1262 1475 hoc
1281 1430 1348 1503 per
1364 1429 1490 1476 omnes

435 1520 563 1613 modos
581 1535 617 1592 et
636 1524 721 1612 vias,
735 1546 801 1620 per
815 1547 905 1619 quos
924 1546 986 1592 seu
1001 1547 1090 1619 quas
1105 1522 1230 1595 melius
1244 1520 1323 1594 fieri
1339 1523 1493 1622 poterit,

433 1655 471 1713 et
496 1637 794 1712 contrafacientes
820 1641 950 1738 punire
978 1652 1016 1712 et
1043 1639 1310 1740 condempnare
1334 1641 1493 1712 in'avere

431 1773 469 1832 et
487 1761 667 1858 personis,
682 1749 743 1829 'vel
761 1783 866 1830 avere
887 1757 940 1830 vel
958 1783 1113 1856 persona
1136 1771 1276 1828 tantum
1303 1781 1369 1828 suo
1396 1755 1492 1828 arbi-

433 1879 519 1966 trio,
544 1867 703 1975 inspecta
724 1875 896 1972 qualitate
919 1899 1160 1973 personarum
1175 1894 1211 1946 et
1228 1875 1322 1946 lacti.
1339 1875 1492 1975 Insuper

432 2007 625 2068 teneantur
643 2007 680 2066 et
701 1992 860 2064 debeant
877 2018 1020 2065 servare
1044 2006 1079 2065 et
1102 1995 1303 2065 executioni
1321 1993 1493 2065 mandare

432 2113 468 2183 in
496 2111 656 2196 savorem
682 2113 846 2182 comunis
873 2124 910 2184 et
935 2097 1125 2183 hominum
1154 2111 1346 2183 Mediolani
1370 2090 1493 2210 privil-

432 2230 526 2330 legia
553 2245 589 2302 et
613 2231 691 2300 iura
718 2229 830 2329 ipsius
848 2232 1028 2320 comunis;
1048 2255 1203 2326 quorum
1221 2229 1492 2329 privilegiorum

435 2363 541 2421 tenor
567 2345 646 2420 talis
672 2359 749 2419 cst:
809 2393 818 2414 .

491 2465 736 2566 «Imperialis
775 2463 961 2546 clementie
997 2480 1181 2538 mansueta
1212 2468 1389 2536 serenitas
1416 2489 1494 2536 eam

432 2609 577 2682 semper
602 2587 638 2655 in
664 2582 818 2657 subditis
845 2582 975 2657 favoris
1007 2587 1049 2655 'et
1083 2586 1197 2684 gratie
1232 2579 1367 2654 habere
1404 2607 1488 2652 con-

435 2701 552 2778 suevit
574 2708 610 2793 l,
624 2698 707 2773 etc.
736 2730 753 2770 u
1032 2778 1037 2784 ‚

489 2849 507 2890 a
532 2819 605 2892 Nos
624 2819 868 2892 Romanorum
897 2822 1096 2919 imperator
1114 2819 1308 2891 Federicus
1335 2833 1371 2890 et
1397 2815 1494 2888 lilius

434 2952 556 3011 noster
573 2939 750 3010 Anrichus
771 2939 1018 3009 Romanorum
1045 2963 1106 3010 rex
1133 2937 1366 3008 concedimus
1392 2934 1494 3006 v'obis

432 3057 638 3128 civitatibus
666 3071 702 3129 et
728 3058 817 3128 locis
846 3071 883 3130 et
910 3058 1074 3157 personis
1102 3067 1173 3128 ete
1200 3057 1290 3127 Acta
1317 3067 1400 3125 sunt
1425 3052 1494 3125 hec

432 3200 528 3246 anno
564 3174 745 3246 dominice
778 3176 1036 3246 incarnationis
1069 3173 1262 3246 millesimo
1297 3173 1496 3266 centesimp

433 3294 677 3390 octuagesimo
704 3294 825 3383 tertie,
851 3293 1048 3364 indictione
1075 3293 1200 3391 quinta
1227 3305 1296 3363 etc.
1316 3295 1335 3338 Ι
1357 3289 1406 3360 ».’
1434 3309 1437 3316 ’

488 3443 505 3480 u
533 3411 575 3481 In
594 3412 741 3482 nomine
756 3426 880 3480 sancte
898 3425 935 3481 et
953 3410 1139 3482 individue
1161 3408 1363 3480 Trinitatis:
1382 3405 1494 3479 Fede·

431 3528 554 3602 richus
579 3529 698 3601 divina
724 3527 865 3599 favente
886 3527 1083 3599 ‘clementia
1110 3530 1357 3600 Romanorum
1384 3529 1494 3624 impe·

432 3661 529 3718 rator
555 3650 745 3744 Augustus.
775 3626 941 3716 Preclare
968 3647 1170 3716 serenitatis
1192 3657 1314 3716 nostre
1332 3642 1492 3715 liberalis

432 3905 449 3947 Α
476 3894 552 3949 Mitto
566 3893 710 3948 oromatis
721 3892 809 3962 gratia
821 3893 889 3948 haec
901 3893 1066 3947 documenta
1078 3891 1249 3960 exscribere,
1262 3903 1379 3961 quorum
1391 3888 1484 3961 aliqua

507 3978 563 4032 iam
580 3994 636 4032 non
653 3978 739 4032 semet
756 3978 920 4043 comedite,
938 3991 1029 4047 caque
1047 3980 1153 4030 Mutum
1171 3975 1297 4030 indicare
1312 3973 1410 4043 liceat;
1428 3977 1486 4028 stu·

506 4061 600 4116 diosus
617 4061 704 4115 lector
721 4061 802 4116 adeat
819 4061 913 4131 Antio.
931 4060 1006 4126 Ital,
1023 4065 1088 4114 tom.
1107 4065 1156 4128 tv,
1173 4059 1225 4118 col,
1243 4060 1302 4112 307.

431 4156 450 4199 1
475 4147 572 4217 Autiq.
583 4145 653 4213 Ital,
675 4149 740 4200 tom.
759 4150 806 4212 lv,
824 4144 876 4200 col.
895 4149 952 4200 301.
