<?xml version="1.0" encoding="UTF-8"?>
<!DOCTYPE html PUBLIC "-//W3C//DTD XHTML 1.0 Transitional//EN"
    "http://www.w3.org/TR/xhtml1/DTD/xhtml1-transitional.dtd">
<html xmlns="http://www.w3.org/1999/xhtml" xml:lang="en" lang="en">
 <head>
  <title>
</title>
<meta http-equiv="Content-Type" content="text/html;charset=utf-8" />
  <meta name='ocr-system' content='tesseract 3.04.00' />
  <meta name='ocr-capabilities' content='ocr_page ocr_carea ocr_par ocr_line ocrx_word'/>
</head>
<body>
  <div class='ocr_page' id='page_1' title='image "./statutaiurisdic00itagoog_0112.png"; bbox 0 0 3416 5054; ppageno 0'>
   <div class='ocr_carea' id='block_1_1' title="bbox 239 403 1425 3944">
    <p class='ocr_par' dir='ltr' id='par_1_1' title="bbox 250 403 1309 844">
     <span class='ocr_line' id='line_1_1' title="bbox 251 403 1309 518; baseline -0.001 -26"><span class='ocrx_word' id='word_1_1' title='bbox 251 403 391 509; x_wconf 66' lang='lat' dir='ltr'><strong>murm</strong></span> <span class='ocrx_word' id='word_1_2' title='bbox 417 430 455 489; x_wconf 88' lang='lat' dir='ltr'><strong>et</strong></span> <span class='ocrx_word' id='word_1_3' title='bbox 479 416 643 518; x_wconf 86' lang='lat' dir='ltr'><strong>predicta</strong></span> <span class='ocrx_word' id='word_1_4' title='bbox 670 415 800 488; x_wconf 88' lang='lat' dir='ltr'><strong>solutio</strong></span> <span class='ocrx_word' id='word_1_5' title='bbox 827 415 947 487; x_wconf 65' lang='lat' dir='ltr'><strong>fiendo</strong></span> <span class='ocrx_word' id='word_1_6' title='bbox 981 414 1309 492; x_wconf 64' lang='lat' dir='ltr'><strong>meandum-essse-</strong></span> 
     </span>
     <span class='ocr_line' id='line_1_2' title="bbox 251 534 1309 634; baseline -0.002 -26"><span class='ocrx_word' id='word_1_7' title='bbox 251 541 387 626; x_wconf 71' lang='lat' dir='ltr'><strong>nonem</strong></span> <span class='ocrx_word' id='word_1_8' title='bbox 421 547 627 611; x_wconf 67' lang='lat' dir='ltr'><strong>conensem</strong></span> <span class='ocrx_word' id='word_1_9' title='bbox 651 535 690 606; x_wconf 77' lang='lat' dir='ltr'><strong>in</strong></span> <span class='ocrx_word' id='word_1_10' title='bbox 713 537 878 634; x_wconf 72' lang='lat' dir='ltr'>presenti</span> <span class='ocrx_word' id='word_1_11' title='bbox 910 546 1046 606; x_wconf 80' lang='lat' dir='ltr'><strong>statuto</strong></span> <span class='ocrx_word' id='word_1_12' title='bbox 1072 557 1145 610; x_wconf 86' lang='lat' dir='ltr'><strong>non</strong></span> <span class='ocrx_word' id='word_1_13' title='bbox 1177 534 1309 608; x_wconf 77' lang='lat' dir='ltr'><strong>haheat</strong></span> 
     </span>
     <span class='ocr_line' id='line_1_3' title="bbox 250 647 1307 752; baseline -0.002 -26"><span class='ocrx_word' id='word_1_14' title='bbox 250 655 368 728; x_wconf 89' lang='lat' dir='ltr'><strong>locum</strong></span> <span class='ocrx_word' id='word_1_15' title='bbox 395 655 431 726; x_wconf 90' lang='lat' dir='ltr'><strong>in</strong></span> <span class='ocrx_word' id='word_1_16' title='bbox 457 653 662 752; x_wconf 89' lang='lat' dir='ltr'><strong>scripturis,</strong></span> <span class='ocrx_word' id='word_1_17' title='bbox 689 651 736 723; x_wconf 88' lang='lat' dir='ltr'><strong>de</strong></span> <span class='ocrx_word' id='word_1_18' title='bbox 762 650 894 748; x_wconf 90' lang='lat' dir='ltr'><strong>quibus</strong></span> <span class='ocrx_word' id='word_1_19' title='bbox 919 647 1124 751; x_wconf 81' lang='lat' dir='ltr'>specialiter</span> <span class='ocrx_word' id='word_1_20' title='bbox 1148 652 1307 752; x_wconf 80' lang='lat' dir='ltr'><strong>sltpr&#39;o&#39;-</strong></span> 
     </span>
     <span class='ocr_line' id='line_1_4' title="bbox 250 763 646 844; baseline -0.003 0"><span class='ocrx_word' id='word_1_21' title='bbox 250 774 381 844; x_wconf 82' lang='lat' dir='ltr'><strong>leum.</strong></span> <span class='ocrx_word' id='word_1_22' title='bbox 643 763 646 771; x_wconf 20' lang='grc' dir='ltr'><strong><em>Δ</em></strong></span> 
     </span>
    </p>

    <p class='ocr_par' dir='ltr' id='par_1_2' title="bbox 252 887 1311 1344">
     <span class='ocr_line' id='line_1_5' title="bbox 276 887 1310 987; baseline -0.003 -24"><span class='ocrx_word' id='word_1_23' title='bbox 276 889 281 894; x_wconf 79' lang='grc'><strong>’</strong></span> <span class='ocrx_word' id='word_1_24' title='bbox 301 889 367 963; x_wconf 83' lang='lat' dir='ltr'><strong>De·</strong></span> <span class='ocrx_word' id='word_1_25' title='bbox 381 888 623 987; x_wconf 81' lang='lat' dir='ltr'><strong>exemplatum</strong></span> <span class='ocrx_word' id='word_1_26' title='bbox 649 889 971 960; x_wconf 74' lang='lat' dir='ltr'><strong>instrumentorum</strong></span> <span class='ocrx_word' id='word_1_27' title='bbox 992 887 1253 987; x_wconf 85' lang='lat' dir='ltr'><strong>productorum</strong></span> <span class='ocrx_word' id='word_1_28' title='bbox 1272 901 1310 960; x_wconf 81' lang='lat' dir='ltr'><strong>st</strong></span> 
     </span>
     <span class='ocr_line' id='line_1_6' title="bbox 252 1002 1310 1106; baseline -0.002 -26"><span class='ocrx_word' id='word_1_29' title='bbox 252 1007 441 1080; x_wconf 88' lang='lat' dir='ltr'><strong>cuiuslibet</strong></span> <span class='ocrx_word' id='word_1_30' title='bbox 456 1008 647 1106; x_wconf 81' lang='lat' dir='ltr'><strong>scripture,</strong></span> <span class='ocrx_word' id='word_1_31' title='bbox 661 1006 691 1076; x_wconf 88' lang='lat' dir='ltr'><strong>si</strong></span> <span class='ocrx_word' id='word_1_32' title='bbox 708 1030 780 1076; x_wconf 90' lang='lat' dir='ltr'><strong>non</strong></span> <span class='ocrx_word' id='word_1_33' title='bbox 801 1002 1056 1097; x_wconf 81' lang='lat' dir='ltr'><strong>subscribatur,</strong></span> <span class='ocrx_word' id='word_1_34' title='bbox 1074 1006 1200 1105; x_wconf 77' lang='lat' dir='ltr'><strong>imper&#39;.</strong></span> <span class='ocrx_word' id='word_1_35' title='bbox 1219 1003 1310 1078; x_wconf 86' lang='lat' dir='ltr'><strong>duos</strong></span> 
     </span>
     <span class='ocr_line' id='line_1_7' title="bbox 252 1117 1311 1226; baseline 0 -28"><span class='ocrx_word' id='word_1_36' title='bbox 252 1149 321 1226; x_wconf 87' lang='lat' dir='ltr'><strong>pro</strong></span> <span class='ocrx_word' id='word_1_37' title='bbox 345 1125 541 1224; x_wconf 80' lang='lat' dir='ltr'><strong>impegina,</strong></span> <span class='ocrx_word' id='word_1_38' title='bbox 559 1136 596 1196; x_wconf 90' lang='lat' dir='ltr'><strong>et</strong></span> <span class='ocrx_word' id='word_1_39' title='bbox 620 1125 651 1194; x_wconf 92' lang='lat' dir='ltr'><strong>si</strong></span> <span class='ocrx_word' id='word_1_40' title='bbox 677 1117 940 1215; x_wconf 64' lang='lat' dir='ltr'><strong>subscribatur,</strong></span> <span class='ocrx_word' id='word_1_41' title='bbox 958 1124 1044 1223; x_wconf 88' lang='lat' dir='ltr'><strong>imp.</strong></span> <span class='ocrx_word' id='word_1_42' title='bbox 1067 1119 1311 1224; x_wconf 77' lang='lat' dir='ltr'><strong>quatuon&#39;pro</strong></span> 
     </span>
     <span class='ocr_line' id='line_1_8' title="bbox 252 1241 649 1344; baseline -0.008 -30"><span class='ocrx_word' id='word_1_43' title='bbox 252 1245 428 1344; x_wconf 76' lang='lat' dir='ltr'><strong>scriptore</strong></span> <span class='ocrx_word' id='word_1_44' title='bbox 453 1241 500 1315; x_wconf 94' lang='lat' dir='ltr'><strong>de</strong></span> <span class='ocrx_word' id='word_1_45' title='bbox 526 1241 649 1312; x_wconf 85' lang='lat' dir='ltr'><strong>offitio.</strong></span> 
     </span>
    </p>

    <p class='ocr_par' dir='ltr' id='par_1_3' title="bbox 253 1348 1312 2046">
     <span class='ocr_line' id='line_1_9' title="bbox 302 1348 1311 1459; baseline -0.001 -26"><span class='ocrx_word' id='word_1_46' title='bbox 302 1361 356 1433; x_wconf 90' lang='lat' dir='ltr'><strong>Da</strong></span> <span class='ocrx_word' id='word_1_47' title='bbox 381 1361 632 1457; x_wconf 79' lang='lat' dir='ltr'><strong>consignatum</strong></span> <span class='ocrx_word' id='word_1_48' title='bbox 659 1356 754 1430; x_wconf 89' lang='lat' dir='ltr'><strong>bladi</strong></span> <span class='ocrx_word' id='word_1_49' title='bbox 777 1370 846 1459; x_wconf 84' lang='lat' dir='ltr'><strong>pro</strong></span> <span class='ocrx_word' id='word_1_50' title='bbox 876 1357 1067 1431; x_wconf 87' lang='lat' dir='ltr'><strong>scribendo</strong></span> <span class='ocrx_word' id='word_1_51' title='bbox 1092 1360 1128 1430; x_wconf 91' lang='lat' dir='ltr'><strong>in</strong></span> <span class='ocrx_word' id='word_1_52' title='bbox 1154 1358 1248 1432; x_wconf 80' lang='lat' dir='ltr'><strong>libro</strong></span> <span class='ocrx_word' id='word_1_53' title='bbox 1273 1348 1311 1432; x_wconf 78' lang='lat' dir='ltr'><strong>et</strong></span> 
     </span>
     <span class='ocr_line' id='line_1_10' title="bbox 253 1475 1312 1577; baseline -0.003 -27"><span class='ocrx_word' id='word_1_54' title='bbox 253 1480 289 1550; x_wconf 88' lang='lat' dir='ltr'><strong>in</strong></span> <span class='ocrx_word' id='word_1_55' title='bbox 315 1477 483 1550; x_wconf 88' lang='lat' dir='ltr'><strong>omnibus</strong></span> <span class='ocrx_word' id='word_1_56' title='bbox 510 1475 673 1576; x_wconf 85' lang='lat' dir='ltr'><strong>partibus</strong></span> <span class='ocrx_word' id='word_1_57' title='bbox 698 1476 763 1548; x_wconf 91' lang='lat' dir='ltr'><strong>ubi</strong></span> <span class='ocrx_word' id='word_1_58' title='bbox 788 1477 1003 1577; x_wconf 87' lang='lat' dir='ltr'><strong>expedierit,</strong></span> <span class='ocrx_word' id='word_1_59' title='bbox 1020 1491 1057 1550; x_wconf 88' lang='lat' dir='ltr'><strong>et</strong></span> <span class='ocrx_word' id='word_1_60' title='bbox 1082 1475 1203 1548; x_wconf 86' lang='lat' dir='ltr'><strong>dando</strong></span> <span class='ocrx_word' id='word_1_61' title='bbox 1227 1499 1312 1548; x_wconf 87' lang='lat' dir='ltr'><strong>con-</strong></span> 
     </span>
     <span class='ocr_line' id='line_1_11' title="bbox 253 1594 1311 1697; baseline -0.003 -29"><span class='ocrx_word' id='word_1_62' title='bbox 253 1595 445 1670; x_wconf 83' lang='lat' dir='ltr'><strong>fessionem</strong></span> <span class='ocrx_word' id='word_1_63' title='bbox 462 1594 751 1693; x_wconf 74' lang='lat' dir='ltr'><strong>&#39;consignationis</strong></span> <span class='ocrx_word' id='word_1_64' title='bbox 769 1594 815 1665; x_wconf 92' lang='lat' dir='ltr'><strong>ad</strong></span> <span class='ocrx_word' id='word_1_65' title='bbox 833 1617 940 1697; x_wconf 88' lang='lat' dir='ltr'><strong>super</strong></span> <span class='ocrx_word' id='word_1_66' title='bbox 958 1607 1073 1666; x_wconf 88' lang='lat' dir='ltr'><strong>totum</strong></span> <span class='ocrx_word' id='word_1_67' title='bbox 1096 1597 1182 1695; x_wconf 88' lang='lat' dir='ltr'><strong>imp.</strong></span> <span class='ocrx_word' id='word_1_68' title='bbox 1200 1619 1311 1666; x_wconf 87' lang='lat' dir='ltr'><strong>unum</strong></span> 
     </span>
     <span class='ocr_line' id='line_1_12' title="bbox 254 1712 1311 1814; baseline -0.002 -30"><span class='ocrx_word' id='word_1_69' title='bbox 254 1737 322 1814; x_wconf 89' lang='lat' dir='ltr'><strong>pro</strong></span> <span class='ocrx_word' id='word_1_70' title='bbox 355 1712 494 1804; x_wconf 90' lang='lat' dir='ltr'><strong>modio,</strong></span> <span class='ocrx_word' id='word_1_71' title='bbox 519 1713 627 1786; x_wconf 89' lang='lat' dir='ltr'><strong>etde</strong></span> <span class='ocrx_word' id='word_1_72' title='bbox 662 1713 742 1812; x_wconf 89' lang='lat' dir='ltr'><strong>ipso</strong></span> <span class='ocrx_word' id='word_1_73' title='bbox 781 1713 956 1811; x_wconf 74' lang='lat' dir='ltr'><strong>inperiali</strong></span> <span class='ocrx_word' id='word_1_74' title='bbox 992 1712 1150 1785; x_wconf 81' lang='lat' dir='ltr'><strong>debeant</strong></span> <span class='ocrx_word' id='word_1_75' title='bbox 1186 1712 1311 1784; x_wconf 70' lang='lat' dir='ltr'><strong>notam</strong></span> 
     </span>
     <span class='ocr_line' id='line_1_13' title="bbox 253 1828 1311 1928; baseline 0.002 -26"><span class='ocrx_word' id='word_1_76' title='bbox 253 1830 458 1903; x_wconf 82' lang='lat' dir='ltr'><strong>victualium</strong></span> <span class='ocrx_word' id='word_1_77' title='bbox 487 1828 691 1903; x_wconf 78' lang='lat' dir='ltr'><strong>satisfacere</strong></span> <span class='ocrx_word' id='word_1_78' title='bbox 716 1830 886 1902; x_wconf 90' lang='lat' dir='ltr'><strong>omnibus</strong></span> <span class='ocrx_word' id='word_1_79' title='bbox 903 1830 981 1902; x_wconf 90' lang='lat' dir='ltr'><strong>aliis</strong></span> <span class='ocrx_word' id='word_1_80' title='bbox 1004 1833 1171 1922; x_wconf 88' lang='lat' dir='ltr'><strong>notariis,</strong></span> <span class='ocrx_word' id='word_1_81' title='bbox 1187 1832 1311 1928; x_wconf 80' lang='lat' dir='ltr'><strong>quiea</strong></span> 
     </span>
     <span class='ocr_line' id='line_1_14' title="bbox 254 1945 1258 2046; baseline -0.004 -26"><span class='ocrx_word' id='word_1_82' title='bbox 254 1951 445 2020; x_wconf 87' lang='lat' dir='ltr'><strong>occaxione</strong></span> <span class='ocrx_word' id='word_1_83' title='bbox 471 1946 608 2046; x_wconf 83' lang='lat' dir='ltr'><strong>aliquid</strong></span> <span class='ocrx_word' id='word_1_84' title='bbox 633 1945 785 2020; x_wconf 82' lang='lat' dir='ltr'><strong>fecerint</strong></span> <span class='ocrx_word' id='word_1_85' title='bbox 808 1947 867 2022; x_wconf 90' lang='lat' dir='ltr'><strong>vel</strong></span> <span class='ocrx_word' id='word_1_86' title='bbox 893 1947 1010 2020; x_wconf 85' lang='lat' dir='ltr'><strong>facere</strong></span> <span class='ocrx_word' id='word_1_87' title='bbox 1034 1949 1214 2024; x_wconf 88' lang='lat' dir='ltr'><strong>voluerint</strong></span> <span class='ocrx_word' id='word_1_88' title='bbox 1229 1953 1258 2016; x_wconf 75' lang='lat'><strong>¹.</strong></span> 
     </span>
    </p>

    <p class='ocr_par' dir='ltr' id='par_1_4' title="bbox 255 2061 1311 2282">
     <span class='ocr_line' id='line_1_15' title="bbox 305 2061 1311 2163; baseline -0.002 -26"><span class='ocrx_word' id='word_1_89' title='bbox 305 2066 361 2137; x_wconf 86' lang='lat' dir='ltr'><strong>Ad</strong></span> <span class='ocrx_word' id='word_1_90' title='bbox 387 2089 428 2137; x_wconf 88' lang='lat' dir='ltr'><strong>ea</strong></span> <span class='ocrx_word' id='word_1_91' title='bbox 464 2061 594 2158; x_wconf 82' lang='lat' dir='ltr'><strong>offitia,</strong></span> <span class='ocrx_word' id='word_1_92' title='bbox 620 2065 666 2137; x_wconf 92' lang='lat' dir='ltr'><strong>ad</strong></span> <span class='ocrx_word' id='word_1_93' title='bbox 698 2089 770 2163; x_wconf 90' lang='lat' dir='ltr'><strong>que</strong></span> <span class='ocrx_word' id='word_1_94' title='bbox 803 2077 923 2137; x_wconf 83' lang='lat' dir='ltr'><strong>essent</strong></span> <span class='ocrx_word' id='word_1_95' title='bbox 952 2067 1084 2140; x_wconf 85' lang='lat' dir='ltr'><strong>notarii</strong></span> <span class='ocrx_word' id='word_1_96' title='bbox 1113 2064 1311 2155; x_wconf 79' lang='lat' dir='ltr'><strong>foresterii,</strong></span> 
     </span>
     <span class='ocr_line' id='line_1_16' title="bbox 255 2184 657 2282; baseline 0.002 -29"><span class='ocrx_word' id='word_1_97' title='bbox 255 2184 364 2256; x_wconf 93' lang='lat' dir='ltr'><strong>nichil</strong></span> <span class='ocrx_word' id='word_1_98' title='bbox 390 2184 506 2282; x_wconf 89' lang='lat' dir='ltr'><strong>accipi</strong></span> <span class='ocrx_word' id='word_1_99' title='bbox 532 2185 657 2282; x_wconf 89' lang='lat' dir='ltr'><strong>possit.</strong></span> 
     </span>
    </p>

    <p class='ocr_par' dir='ltr' id='par_1_5' title="bbox 256 2295 1312 2521">
     <span class='ocr_line' id='line_1_17' title="bbox 304 2295 1312 2402; baseline 0 -30"><span class='ocrx_word' id='word_1_100' title='bbox 304 2301 473 2374; x_wconf 86' lang='lat' dir='ltr'><strong>CXXlX.</strong></span> <span class='ocrx_word' id='word_1_101' title='bbox 501 2299 668 2399; x_wconf 81' lang='lat' dir='ltr'><strong>Qualiter</strong></span> <span class='ocrx_word' id='word_1_102' title='bbox 693 2307 876 2401; x_wconf 78' lang='lat' dir='ltr'><strong>impagina</strong></span> <span class='ocrx_word' id='word_1_103' title='bbox 896 2305 1022 2402; x_wconf 82' lang='lat' dir='ltr'><strong>papiri</strong></span> <span class='ocrx_word' id='word_1_104' title='bbox 1046 2306 1182 2398; x_wconf 79' lang='lat' dir='ltr'><strong>scriptu</strong></span> <span class='ocrx_word' id='word_1_105' title='bbox 1207 2295 1312 2372; x_wconf 79' lang='lat' dir='ltr'><strong>intel·</strong></span> 
     </span>
     <span class='ocr_line' id='line_1_18' title="bbox 256 2425 857 2521; baseline -0.002 -29"><span class='ocrx_word' id='word_1_106' title='bbox 256 2427 396 2518; x_wconf 80' lang='lat' dir='ltr'><strong>ligatur</strong></span> <span class='ocrx_word' id='word_1_107' title='bbox 420 2445 494 2494; x_wconf 84' lang='lat' dir='ltr'><strong>esse</strong></span> <span class='ocrx_word' id='word_1_108' title='bbox 517 2425 659 2521; x_wconf 84' lang='lat' dir='ltr'><strong>scripta</strong></span> <span class='ocrx_word' id='word_1_109' title='bbox 685 2445 857 2518; x_wconf 84' lang='lat' dir='ltr'><strong>congrue.</strong></span> 
     </span>
    </p>

    <p class='ocr_par' dir='ltr' id='par_1_6' title="bbox 239 2537 1425 3944">
     <span class='ocr_line' id='line_1_19' title="bbox 264 2537 1313 2640; baseline 0.002 -30"><span class='ocrx_word' id='word_1_110' title='bbox 264 2577 269 2582; x_wconf 94' lang='lat'>·</span> <span class='ocrx_word' id='word_1_111' title='bbox 304 2538 529 2638; x_wconf 84' lang='lat' dir='ltr'><strong>Intelligatur</strong></span> <span class='ocrx_word' id='word_1_112' title='bbox 553 2541 730 2640; x_wconf 81' lang='lat' dir='ltr'><strong>impagina</strong></span> <span class='ocrx_word' id='word_1_113' title='bbox 754 2537 831 2612; x_wconf 85' lang='lat' dir='ltr'><strong>folii</strong></span> <span class='ocrx_word' id='word_1_114' title='bbox 849 2541 967 2639; x_wconf 92' lang='lat' dir='ltr'><strong>papiri</strong></span> <span class='ocrx_word' id='word_1_115' title='bbox 984 2563 1144 2638; x_wconf 86' lang='lat' dir='ltr'><strong>congrue</strong></span> <span class='ocrx_word' id='word_1_116' title='bbox 1162 2541 1313 2640; x_wconf 86' lang='lat' dir='ltr'><strong>scripta,</strong></span> 
     </span>
     <span class='ocr_line' id='line_1_20' title="bbox 255 2647 1314 2756; baseline 0.002 -29"><span class='ocrx_word' id='word_1_117' title='bbox 255 2658 285 2728; x_wconf 87' lang='lat' dir='ltr'><strong>si</strong></span> <span class='ocrx_word' id='word_1_118' title='bbox 301 2659 349 2728; x_wconf 88' lang='lat' dir='ltr'><strong>sit</strong></span> <span class='ocrx_word' id='word_1_119' title='bbox 365 2655 539 2728; x_wconf 89' lang='lat' dir='ltr'><strong>linearum</strong></span> <span class='ocrx_word' id='word_1_120' title='bbox 554 2658 680 2756; x_wconf 83' lang='lat' dir='ltr'><strong>viginti</strong></span> <span class='ocrx_word' id='word_1_121' title='bbox 699 2669 736 2730; x_wconf 90' lang='lat' dir='ltr'><strong>et</strong></span> <span class='ocrx_word' id='word_1_122' title='bbox 751 2656 954 2729; x_wconf 88' lang='lat' dir='ltr'><strong>litterarum</strong></span> <span class='ocrx_word' id='word_1_123' title='bbox 971 2654 1206 2756; x_wconf 87' lang='lat' dir='ltr'><strong>quadraginta</strong></span> <span class='ocrx_word' id='word_1_124' title='bbox 1221 2647 1314 2729; x_wconf 81' lang='lat' dir='ltr'><strong>ultra</strong></span> 
     </span>
     <span class='ocr_line' id='line_1_21' title="bbox 256 2771 905 2875; baseline -0.002 -30"><span class='ocrx_word' id='word_1_125' title='bbox 256 2771 501 2847; x_wconf 85' lang='lat' dir='ltr'><strong>abreviaturas</strong></span> <span class='ocrx_word' id='word_1_126' title='bbox 526 2798 594 2875; x_wconf 91' lang='lat' dir='ltr'><strong>pro</strong></span> <span class='ocrx_word' id='word_1_127' title='bbox 618 2772 780 2873; x_wconf 83' lang='lat' dir='ltr'><strong>qualibet</strong></span> <span class='ocrx_word' id='word_1_128' title='bbox 805 2775 905 2846; x_wconf 89' lang='lat' dir='ltr'><strong>linea.</strong></span> 
     </span>
     <span class='ocr_line' id='line_1_22' title="bbox 283 2889 1313 2990; baseline 0.002 -28"><span class='ocrx_word' id='word_1_129' title='bbox 283 2890 474 2966; x_wconf 81' lang='lat' dir='ltr'><strong>¹Prcdicta</strong></span> <span class='ocrx_word' id='word_1_130' title='bbox 501 2892 621 2962; x_wconf 89' lang='lat' dir='ltr'><strong>omnia</strong></span> <span class='ocrx_word' id='word_1_131' title='bbox 648 2903 781 2964; x_wconf 86' lang='lat' dir='ltr'><strong>statuta</strong></span> <span class='ocrx_word' id='word_1_132' title='bbox 807 2891 990 2990; x_wconf 84' lang='lat' dir='ltr'><strong>loquentia</strong></span> <span class='ocrx_word' id='word_1_133' title='bbox 1010 2889 1313 2966; x_wconf 86' lang='lat' dir='ltr'><strong>desolationibus</strong></span> 
     </span>
     <span class='ocr_line' id='line_1_23' title="bbox 258 3010 1314 3116; baseline 0.003 -30"><span class='ocrx_word' id='word_1_134' title='bbox 258 3012 388 3088; x_wconf 83' lang='lat' dir='ltr'><strong>flendis</strong></span> <span class='ocrx_word' id='word_1_135' title='bbox 413 3014 563 3116; x_wconf 86' lang='lat' dir='ltr'><strong>notariis</strong></span> <span class='ocrx_word' id='word_1_136' title='bbox 589 3011 635 3086; x_wconf 88' lang='lat' dir='ltr'><strong>de</strong></span> <span class='ocrx_word' id='word_1_137' title='bbox 659 3010 775 3086; x_wconf 85' lang='lat' dir='ltr'><strong>offitio</strong></span> <span class='ocrx_word' id='word_1_138' title='bbox 801 3012 922 3084; x_wconf 89' lang='lat' dir='ltr'><strong>locum</strong></span> <span class='ocrx_word' id='word_1_139' title='bbox 947 3013 1105 3087; x_wconf 89' lang='lat' dir='ltr'><strong>habeant</strong></span> <span class='ocrx_word' id='word_1_140' title='bbox 1129 3028 1167 3088; x_wconf 87' lang='lat' dir='ltr'><strong>et</strong></span> <span class='ocrx_word' id='word_1_141' title='bbox 1182 3013 1314 3089; x_wconf 85' lang='lat' dir='ltr'><strong>habere</strong></span> 
     </span>
     <span class='ocr_line' id='line_1_24' title="bbox 257 3113 1425 3233; baseline 0.003 -31"><span class='ocrx_word' id='word_1_142' title='bbox 257 3130 502 3231; x_wconf 82' lang='lat' dir='ltr'><strong>intelligantur</strong></span> <span class='ocrx_word' id='word_1_143' title='bbox 518 3143 727 3233; x_wconf 87' lang='lat' dir='ltr'><strong>computato</strong></span> <span class='ocrx_word' id='word_1_144' title='bbox 744 3132 891 3204; x_wconf 82' lang='lat' dir='ltr'><strong>incentu</strong></span> <span class='ocrx_word' id='word_1_145' title='bbox 903 3155 966 3204; x_wconf 87' lang='lat' dir='ltr'><strong>seu</strong></span> <span class='ocrx_word' id='word_1_146' title='bbox 983 3133 1231 3230; x_wconf 75' lang='lat' dir='ltr'><strong>inquisitione,</strong></span> <span class='ocrx_word' id='word_1_147' title='bbox 1242 3158 1315 3232; x_wconf 89' lang='lat' dir='ltr'><strong>que</strong></span> <span class='ocrx_word' id='word_1_148' title='bbox 1422 3113 1425 3119; x_wconf 31' lang='lat'>⁵</span> 
     </span>
     <span class='ocr_line' id='line_1_25' title="bbox 257 3247 1315 3350; baseline 0 -30"><span class='ocrx_word' id='word_1_149' title='bbox 257 3247 365 3324; x_wconf 86' lang='lat' dir='ltr'><strong>llarat</strong></span> <span class='ocrx_word' id='word_1_150' title='bbox 388 3248 436 3322; x_wconf 88' lang='lat' dir='ltr'><strong>de</strong></span> <span class='ocrx_word' id='word_1_151' title='bbox 453 3250 524 3341; x_wconf 87' lang='lat' dir='ltr'><strong>eis,</strong></span> <span class='ocrx_word' id='word_1_152' title='bbox 545 3251 595 3322; x_wconf 90' lang='lat' dir='ltr'><strong>ita</strong></span> <span class='ocrx_word' id='word_1_153' title='bbox 612 3247 712 3348; x_wconf 92' lang='lat' dir='ltr'><strong>quod</strong></span> <span class='ocrx_word' id='word_1_154' title='bbox 738 3262 889 3350; x_wconf 85' lang='lat' dir='ltr'><strong>propter</strong></span> <span class='ocrx_word' id='word_1_155' title='bbox 915 3274 957 3322; x_wconf 86' lang='lat' dir='ltr'><strong>ea</strong></span> <span class='ocrx_word' id='word_1_156' title='bbox 983 3275 1057 3322; x_wconf 90' lang='lat' dir='ltr'><strong>non</strong></span> <span class='ocrx_word' id='word_1_157' title='bbox 1074 3253 1216 3349; x_wconf 87' lang='lat' dir='ltr'><strong>possint</strong></span> <span class='ocrx_word' id='word_1_158' title='bbox 1233 3252 1315 3350; x_wconf 91' lang='lat' dir='ltr'><strong>plus</strong></span> 
     </span>
     <span class='ocr_line' id='line_1_26' title="bbox 258 3367 1317 3469; baseline 0.001 -30"><span class='ocrx_word' id='word_1_159' title='bbox 258 3369 434 3468; x_wconf 73' lang='lat' dir='ltr'><strong>accipere,</strong></span> <span class='ocrx_word' id='word_1_160' title='bbox 448 3369 527 3439; x_wconf 88' lang='lat' dir='ltr'><strong>etsi</strong></span> <span class='ocrx_word' id='word_1_161' title='bbox 544 3367 873 3468; x_wconf 82' lang='lat' dir='ltr'><strong>contingeritquod</strong></span> <span class='ocrx_word' id='word_1_162' title='bbox 885 3370 964 3469; x_wconf 87' lang='lat' dir='ltr'><strong>ipsa</strong></span> <span class='ocrx_word' id='word_1_163' title='bbox 976 3367 1090 3440; x_wconf 84' lang='lat' dir='ltr'><strong>offitia</strong></span> <span class='ocrx_word' id='word_1_164' title='bbox 1101 3368 1158 3440; x_wconf 88' lang='lat' dir='ltr'><strong>vel</strong></span> <span class='ocrx_word' id='word_1_165' title='bbox 1172 3367 1317 3466; x_wconf 87' lang='lat' dir='ltr'><strong>aliquod</strong></span> 
     </span>
     <span class='ocr_line' id='line_1_27' title="bbox 247 3467 1410 3587; baseline 0.001 -30"><span class='ocrx_word' id='word_1_166' title='bbox 247 3510 303 3557; x_wconf 78' lang='lat' dir='ltr'><strong>-ex</strong></span> <span class='ocrx_word' id='word_1_167' title='bbox 320 3477 381 3558; x_wconf 50' lang='lat' dir='ltr'><strong>‘eis</strong></span> <span class='ocrx_word' id='word_1_168' title='bbox 397 3509 471 3557; x_wconf 90' lang='lat' dir='ltr'><strong>non</strong></span> <span class='ocrx_word' id='word_1_169' title='bbox 486 3485 731 3558; x_wconf 84' lang='lat' dir='ltr'><strong>venderentur</strong></span> <span class='ocrx_word' id='word_1_170' title='bbox 748 3509 812 3558; x_wconf 86' lang='lat' dir='ltr'><strong>seu</strong></span> <span class='ocrx_word' id='word_1_171' title='bbox 829 3483 906 3559; x_wconf 83' lang='lat' dir='ltr'><strong>non</strong></span> <span class='ocrx_word' id='word_1_172' title='bbox 922 3467 1201 3579; x_wconf 83' lang='lat' dir='ltr'><strong>incantarentur,</strong></span> <span class='ocrx_word' id='word_1_173' title='bbox 1220 3485 1316 3587; x_wconf 91' lang='lat' dir='ltr'><strong>quod</strong></span> <span class='ocrx_word' id='word_1_174' title='bbox 1406 3513 1410 3522; x_wconf 77' lang='grc'><strong>’</strong></span> 
     </span>
     <span class='ocr_line' id='line_1_28' title="bbox 257 3606 1315 3707; baseline 0.001 -32"><span class='ocrx_word' id='word_1_175' title='bbox 257 3615 343 3676; x_wconf 91' lang='lat' dir='ltr'><strong>tunc</strong></span> <span class='ocrx_word' id='word_1_176' title='bbox 375 3617 566 3678; x_wconf 89' lang='lat' dir='ltr'><strong>teneantur</strong></span> <span class='ocrx_word' id='word_1_177' title='bbox 601 3608 762 3707; x_wconf 87' lang='lat' dir='ltr'><strong>recipere</strong></span> <span class='ocrx_word' id='word_1_178' title='bbox 794 3608 988 3678; x_wconf 88' lang='lat' dir='ltr'><strong>terminum</strong></span> <span class='ocrx_word' id='word_1_179' title='bbox 1011 3611 1031 3657; x_wconf 68' lang='grc' dir='ltr'>Ι</span> <span class='ocrx_word' id='word_1_180' title='bbox 1055 3606 1174 3677; x_wconf 88' lang='lat' dir='ltr'><strong>minus</strong></span> <span class='ocrx_word' id='word_1_181' title='bbox 1206 3621 1315 3702; x_wconf 82' lang='lat' dir='ltr'><strong>quam</strong></span> 
     </span>
     <span class='ocr_line' id='line_1_29' title="bbox 239 3723 1316 3825; baseline 0.003 -33"><span class='ocrx_word' id='word_1_182' title='bbox 239 3763 242 3772; x_wconf 86' lang='lat'><em>-</em></span> <span class='ocrx_word' id='word_1_183' title='bbox 259 3724 422 3823; x_wconf 83' lang='lat' dir='ltr'><strong>superius</strong></span> <span class='ocrx_word' id='word_1_184' title='bbox 444 3737 615 3798; x_wconf 83' lang='lat' dir='ltr'><strong>tassutum</strong></span> <span class='ocrx_word' id='word_1_185' title='bbox 634 3737 708 3817; x_wconf 86' lang='lat' dir='ltr'><strong>est,</strong></span> <span class='ocrx_word' id='word_1_186' title='bbox 725 3738 762 3798; x_wconf 86' lang='lat' dir='ltr'><strong>et</strong></span> <span class='ocrx_word' id='word_1_187' title='bbox 778 3723 937 3798; x_wconf 84' lang='lat' dir='ltr'><strong>habeant</strong></span> <span class='ocrx_word' id='word_1_188' title='bbox 953 3723 1072 3796; x_wconf 83' lang='lat' dir='ltr'><strong>locum</strong></span> <span class='ocrx_word' id='word_1_189' title='bbox 1089 3724 1166 3825; x_wconf 87' lang='lat' dir='ltr'><strong>ipsa</strong></span> <span class='ocrx_word' id='word_1_190' title='bbox 1182 3735 1316 3796; x_wconf 83' lang='lat' dir='ltr'><strong>statuta</strong></span> 
     </span>
     <span class='ocr_line' id='line_1_30' title="bbox 257 3831 1315 3944; baseline 0.003 -34"><span class='ocrx_word' id='word_1_191' title='bbox 257 3839 489 3914; x_wconf 74' lang='lat' dir='ltr'><strong>solummodo·</strong></span> <span class='ocrx_word' id='word_1_192' title='bbox 511 3840 615 3916; x_wconf 83' lang='lat' dir='ltr'><strong>linito</strong></span> <span class='ocrx_word' id='word_1_193' title='bbox 641 3835 802 3944; x_wconf 81' lang='lat' dir='ltr'><strong>presenti</strong></span> <span class='ocrx_word' id='word_1_194' title='bbox 828 3844 974 3914; x_wconf 84' lang='lat' dir='ltr'><strong>incentu</strong></span> <span class='ocrx_word' id='word_1_195' title='bbox 1001 3839 1108 3914; x_wconf 83' lang='lat' dir='ltr'><strong>offitii</strong></span> <span class='ocrx_word' id='word_1_196' title='bbox 1138 3831 1315 3915; x_wconf 81' lang='lat' dir='ltr'><strong>dictorum</strong></span> 
     </span>
    </p>
   </div>
   <div class='ocr_carea' id='block_1_2' title="bbox 262 4017 770 4178">
    <p class='ocr_par' dir='ltr' id='par_1_7' title="bbox 262 4017 770 4178">
     <span class='ocr_line' id='line_1_31' title="bbox 262 4017 770 4096; baseline 0.012 -25"><span class='ocrx_word' id='word_1_197' title='bbox 262 4027 281 4071; x_wconf 76' lang='lat' dir='ltr'><strong>a</strong></span> <span class='ocrx_word' id='word_1_198' title='bbox 308 4044 320 4070; x_wconf 70' lang='lat' dir='ltr'><strong>a</strong></span> <span class='ocrx_word' id='word_1_199' title='bbox 339 4017 484 4078; x_wconf 79' lang='lat' dir='ltr'><strong>debuerint</strong></span> <span class='ocrx_word' id='word_1_200' title='bbox 502 4046 515 4072; x_wconf 72' lang='grc' dir='ltr'><strong>ι</strong></span> <span class='ocrx_word' id='word_1_201' title='bbox 535 4023 613 4093; x_wconf 83' lang='lat' dir='ltr'><strong>(cod.</strong></span> <span class='ocrx_word' id='word_1_202' title='bbox 628 4025 770 4096; x_wconf 67' lang='lat' dir='ltr'><strong>pruscie).</strong></span> 
     </span>
     <span class='ocr_line' id='line_1_32' title="bbox 262 4104 664 4178; baseline 0.017 -24"><span class='ocrx_word' id='word_1_203' title='bbox 262 4111 281 4154; x_wconf 78' lang='grc' dir='ltr'>ι</span> <span class='ocrx_word' id='word_1_204' title='bbox 311 4104 480 4161; x_wconf 64' lang='lat' dir='ltr'><strong>«tertium</strong></span> <span class='ocrx_word' id='word_1_205' title='bbox 502 4107 557 4177; x_wconf 80' lang='lat' dir='ltr'><strong>(ld.</strong></span> <span class='ocrx_word' id='word_1_206' title='bbox 577 4107 664 4178; x_wconf 74' lang='lat' dir='ltr'><strong>cod).</strong></span> 
     </span>
    </p>
   </div>
   <div class='ocr_carea' id='block_1_3' title="bbox 0 0 1724 5054">
    <p class='ocr_par' dir='ltr' id='par_1_8' title="bbox 0 0 1724 5054">
     <span class='ocr_line' id='line_1_33' title="bbox 0 0 1724 5054; baseline 0 0"><span class='ocrx_word' id='word_1_207' title='bbox 0 0 1724 5054; x_wconf 95' lang='lat' dir='ltr'><strong> </strong></span> 
     </span>
    </p>
   </div>
  </div>
 </body>
</html>
