3386 5122
15 4173 21 4220 l

1239 303 1285 393 lt

106 485 109 490 -
163 444 168 450 '
229 438 419 536 potestatis
437 447 475 507 et
492 435 653 507 iudicum
667 449 704 507 et
721 437 879 508 militum
894 445 1040 507 suorum
1054 445 1150 510 stent
1164 443 1287 537 aperta

209 625 211 629 ,
229 567 303 642 tota
319 554 391 646 die5
411 554 459 625 ita
477 553 577 650 qood
593 554 757 626 homines
775 552 930 626 liberum
948 553 1105 626 habeant
1122 555 1287 627 anditum

228 671 418 770 adipsum
445 678 666 768 potestatetn'
695 673 834 743 eteius
862 670 1047 762 l'amiliam,
1073 671 1140 743 suli
1166 683 1286 772 penna
1338 759 1341 766 k

228 788 326 861 terim
353 792 408 862 sui
432 787 605 860 librarum
630 791 920 888 tiginuquinque
944 789 1170 862 tertiolorum
1187 787 1287 890 pote

229 909 330 1000 stati,
354 922 393 979 et
413 901 560 979 cuilibet
576 908 686 979 iudici
703 920 741 979 et
758 909 863 978 militi
882 907 1055 979 libtaiui‘n
1074 907 1199 980 decem
1217 916 1291 980 ter-¹

229 1023 398 1096 tiolorum
425 1023 589 1122 qualibet
613 1027 701 1096 vice.

278 1141 381 1214 Idem
406 1141 541 1215 habeat
566 1142 684 1214 lo'cum
710 1145 747 1213 ln
775 1140 938 1240 quolibet
967 1129 1155 1244 forestorio
1186 1153 1286 1216 exer-

228 1274 335 1332 cente
350 1259 630 1332 iurisdietionem
648 1275 713 1360 pro
733 1247 879 1332 tonitui
888 1319 898 1352 ‚
919 1275 1068 1359 excepto
1086 1263 1184 1358 'quod
1200 1269 1285 1361 post

228 1397 357 1450 nonam
392 1395 506 1475 usque
540 1378 586 1449 a‘d
619 1388 829 1475 'campanam
863 1379 910 1450 de
942 1382 1089 1451 usauria
1122 1379 1167 1451 de
1199 1391 1284 1480 post

227 1513 339 1568 nonas
363 1497 508 1595 possint
531 1487 655 1568 tenere
680 1507 804 1594 portas
831 1496 978 1568 alausas

278 1613 356 1684 LX.
401 1613 457 1685 De
491 1613 739 1685 iurisdictione
777 1615 924 1687 Vicarii
959 1599 1209 1685 dominationis
1247 1617 1284 1686 in

225 1729 467 1831 questionibus
491 1749 564 1804 non
590 1737 856 1830 suppositorum
886 1735 1037 1819 comuni
1060 1715 1283 1822 Mediolani,

227 1869 308 1949 quo
323 1848 558 1923 &unwanus
581 1849 632 1921 ttd
654 1848 838 1922 dominum
860 1837 1072 1922 Mediolani.
1169 1863 1172 1868 '

276 1967 314 2039 Si
339 1971 527 2068 eoutlo'gat
551 1968 690 2066 aliquas
717 1970 942 2065 questiones,
968 1967 1050 2039 lito's
1075 1969 1133 2040 vel
1159 1975 1289 2040 'causas-

228 2087 321 2157 ioter
347 2086 486 2183 aliquos
511 2107 584 2158 non
611 2089 823 2185 supponitos
847 2088 994 2157 comuni
1011 2083 1207 2158 Mediolani
1225 2087 1289 2159 de·

225 2202 320 2274 volvi
345 2203 391 2275 ad
418 2203 603 2276 dominum
629 2202 686 2276 vel
713 2205 760 2275 od
786 2203 863 2276 eius
890 2191 1027 2274 curiam
1046 2217 1112 2303 p'er
1129 2202 1288 2302 appella-

227 2322 362 2393 tionem
386 2322 445 2393 vel
468 2313 667 2420 querellam
685 2321 742 2393 vel
761 2323 977 2420 rescriptum
995 2321 1053 2393 vel
1071 2320 1142 2391 alio
1161 2321 1285 2414 modo,

225 2437 378 2536 quilibet
403 2454 448 2513 ex
472 2441 616 2512 vicariis
640 2439 895 2512 dominationis
913 2441 1028 2539 possit
1045 2439 1187 2544 audire>¹
1199 2447 1287 2544 pio-

226 2557 372 2650 dedere,
404 2575 620 2657 cognoscere
652 2571 690 2630 et
722 2549 881 2630 diffiniia
913 2561 1023 2630 'etiam
1056 2559 1132 2630 sine
1160 2555 1282 2656 aliqua

227 2677 448 2748 comissione.

277 2793 374 2866 LXI.
411 2794 465 2866 De
495 2799 759 2895 supplicatione
786 2781 1012 2895 porrigenda
1045 2793 1190 2864 domino
1211 2793 1284 2894 pro

228 2911 485 2986 eonstituetdo
497 2931 611 2984 unum
626 2901 689 2984 oel
700 2903 840 3013 pluresg
854 2917 920 3013 qui
936 2917 1117 3011 supersint
1132 2909 1181 2980 ad
1195 2917 1288 2984 exii·

225 3030 430 3104 numadum
457 3036 638 3130 intr-'o'yttts
663 3043 697 3102 et
721 3044 902 3130 expensos
928 3035 1103 3102 comunis.

239 3189 244 3193 ·
274 3149 441 3221 Viderins
458 3150 709 3250 provisionum
725 3148 792 3220 suit
805 3161 926 3248 penda
942 3146 1116 3220 librarum
1135 3131 1284 3220 oenltilit

227 3267 453 3342 tertiolorum
480 3271 535 3341 sui
562 3266 696 3339 sellarii
722 3279 891 3339 teneatur
922 3289 989 3366 pro
1018 3269 1163 3338 ‘corioni
1188 3264 1286 3336 bono

226 3398 263 3457 ot
287 3386 446 3464 utilitate
472 3385 616 3484 publiea
642 3385 846 3486 supplicare
880 3369 1030 3458 domino
1062 3383 1284 3474 Mediolani,

226 3503 323 3600 quod
348 3506 430 3604 ipse
455 3505 624 3606 dignetur
649 3506 871 3576 constituere
897 3529 1009 3574 unum
1025 3496 1081 3574 ¹vel
1100 3489 1221 3602 plures
1237 3501 1284 3574 do

229 3620 345 3715 unis,
362 3622 534 3723 regorius
551 3635 589 3696 u
606 3603 842 3723 dirigentibus
867 3623 953 3693 vtro
979 3619 1133 3692 nauus
1150 3618 1288 3728 Medio:

226 3738 327 3830 lani,
352 3743 416 3838 qui
441 3743 624 3841 supersint
646 3754 685 3813 et
710 3742 861 3813 'asistant
879 3735 1134 3810 adridendum
1152 3749 1189 3808 et
1205 3738 1287 3810 dili'·

227 3871 354 3954 genter
379 3859 658 3932 examinandum
686 3862 862 3960 introytus
889 3843 1052 3929 comunis
1086 3857 1288 3932 Mediolani

226 3989 264 4047 et
290 4001 462 4076 expensas
488 3978 674 4069 eiusdem,
708 3992 745 4050 et
771 3975 931 4076 qualiter
963 3975 1177 4073 expenditur
1201 3999 1285 4077 pec-

231 4097 348 4166 cunia·
370 4099 534 4167 comunis
567 4095 790 4188 Mediolani,
827 4091 863 4167 et
902 4095 1059 4192 qualiter
1094 4091 1285 4166 laudantur
