3416 5054
414 335 486 410 tol

408 454 448 540 in
473 452 694 528 exercitibus
721 465 758 526 et
773 449 984 541 cavalcatis3
1011 465 1049 524 et
1066 451 1165 549 quod
1188 453 1257 552 ipsi
1272 445 1478 544 turbatorem.

409 568 557 671 quando
593 568 696 642 ibunt
726 569 769 642 ad
787 567 938 642 ‘schalas
964 569 1086 667 palatii
1110 567 1170 642 iel
1195 594 1261 670 per
1287 571 1472 644 ciuitatem

410 708 479 787 pro
497 688 607 763 cridis
624 685 810 780 faciendis,
837 686 993 762 debeant
1017 697 1164 786 portare
1180 693 1303 760 secum
1328 685 1471 780 tubania

410 817 448 879 ‘et
474 831 600 880 sonare
625 831 697 878 una
721 805 800 878 vice
826 819 1015 906 antequam
1034 807 1205 906 incipiant
1229 806 1471 904 praeconizare,

318 949 320 954 ·
410 925 479 998 sub
504 947 599 1025 pena
623 923 845 996 soldoruml
869 931 1016 996 centum
1042 922 1274 996 tertiolorum
1293 946 1364 1021 pro
1379 949 1470 1021 quu-

411 1041 500 1116 libct
526 1063 653 1116 eorum
679 1055 716 1114 et
741 1041 903 1140 qualibet
926 1043 1011 1114 viee.

422 1197 425 1204 ·
464 1159 571 1234 CXL.
600 1158 712 1256 Quod
727 1164 849 1231 nullam
866 1157 1012 1233 cubator
1023 1161 1144 1260 possit
1157 1155 1291 1232 nabere
1306 1155 1469 1260 officim,

341 1345 350 1359 ,
410 1303 463 1350 ex
487 1299 558 1375 quo
585 1273 716 1347 habeat
740 1279 1066 1349 remunerationem
1088 1280 1150 1348 nel
1172 1279 1358 1348 salarium.

437 1439 440 1446 ·
460 1391 590 1466 Nullus
605 1391 750 1466 tubator
766 1377 1138 1466 comunis'Mediolani
1152 1389 1468 1490 aliquod'ollitium

410 1512 468 1584 vel
485 1512 687 1611 negotium,
713 1509 814 1608 quod
839 1510 911 1582 dici
937 1509 1052 1610 possit
1076 1522 1114 1582 et
1140 1509 1469 1612 remunmetur'vel

411 1639 578 1728 speretur
610 1630 830 1702 remunerari
856 1628 1046 1700 acomoni
1083 1625 1307 1718 Mediolani,'
1336 1625 1469 1700 lubere

410 1748 527 1845 possit
561 1746 656 1818 ultra
688 1745 893 1845 predictum
930 1741 1097 1837 feudum,
1121 1756 1160 1818 et
1189 1744 1309 1816 nullus
1344 1765 1471 1820 eorum

411 1864 567 1961 aliquam
601 1863 815 1936 electionem
850 1861 966 1936 facere
991 1865 1105 1962 possit
1131 1862 1178 1936 de
1203 1863 1325 1960 aliquo
1355 1860 1469 1936 offitio

411 1981 474 2058 vel
494 2003 667 2080 persona,
690 2001 765 2077 que
799 1979 916 2054 facere
949 1981 1080 2054 debeat
1111 2003 1179 2078 pro
1210 1982 1376 2073 comuni,
1401 2001 1469 2056 nee

410 2096 567 2195 aliquam
591 2098 782 2172 ceruedam
809 2097 858 2170 de
882 2097 1056 2170 militibus
1074 2098 1130 2170 vel
1146 2095 1330 2198 peditibus
1350 2096 1469 2174 facere

408 2217 545 2319 possit,
578 2241 644 2288 nec
676 2216 722 2290 ad'
753 2229 869 2289 sortes
899 2217 1090 2314 pervenire
1119 2215 1166 2288 de
1199 2215 1321 2315 aliquo
1347 2217 1469 2317 predi-

409 2346 568 2424 ctorum3
596 2343 634 2406 et
659 2333 690 2404 si
717 2346 843 2406 contra
867 2331 1001 2408 lactum
1017 2331 1142 2425 fuerit,
1160 2333 1293 2408 nullius
1320 2336 1369 2407 sit
1394 2360 1470 2406 mu·

411 2453 543 2543 menti,
569 2451 667 2525 salvo
693 2451 793 2548 quod
819 2453 849 2523 si
876 2451 983 2524 electi
1008 2450 1142 2524 fuerint
1166 2452 1237 2550 ipsi
1259 2449 1316 2526 vel
1339 2450 1467 2548 aliquis

411 2593 537 2645 eorum
555 2593 623 2668 pro
639 2567 813 2642 militibus
825 2595 892 2669 pro
910 2568 1028 2666 aliqua
1046 2569 1211 2661 comeda,
1226 2568 1326 2666 quod
1338 2568 1471 2642 habere

342 2672 347 2680 ¹
410 2687 551 2788 'possint
569 2698 729 2780 tantum,
749 2701 922 2784 quantum
949 2686 1154 2760 ordinatum
1179 2686 1288 2760 fuerit
1306 2685 1388 2760 aliis:
1410 2689 1471 2760 mir

409 2802 534 2879 litibus
549 2818 586 2878 et
598 2831 673 2880 non
690 2805 793 2896 ultra3
808 2817 848 2878 et
860 2804 1017 2878 offanum
1035 2800 1288 2878 nichilominus
1306 2811 1469 2880 teneatur

409 2921 605 2996 bonafide
636 2947 805 2996 exercere
839 2923 1034 2996 secundum
1061 2934 1271 3022 preceptum
1300 2920 1468 3013 illorum,

409 3041 474 3139 qui
499 3053 674 3139 preerunt
699 3041 770 3114 illis
796 3041 971 3113 militibus
997 3039 1042 3116 de
1067 3039 1234 3116 cerneda.

391 3161 394 3168 '
461 3155 590 3231 CXLI.
610 3161 666 3232 De
682 3158 776 3232 tubis
789 3151 935 3255 urgenti
951 3159 1218 3232 manutenendis
1231 3185 1302 3258 per
1317 3179 1470 3232 comtum

410 3276 609 3352 Mediolani
633 3290 667 3348 et
688 3277 947 3376 praesentandis
972 3275 1209 3349 tumoribus.
1377 3287 1379 3291 ’

459 3396 764 3470 Manuteneantur
793 3419 862 3494 per
886 3421 1040 3468 comune
1067 3393 1262 3468 Mediolani
1291 3419 1351 3468 ses
1385 3392 1471 3466 tube

409 3514 548 3612 argenti
574 3513 671 3586 bone
697 3525 732 3584 et
755 3511 917 3612 ydonee,
937 3524 1010 3611 que
1027 3521 1285 3614 presententur
1309 3524 1351 3584 ct
1373 3511 1467 3584 desi-

409 3643 566 3728 gnentur
599 3628 828 3704 tubatoribus
862 3633 1037 3706 comunis,
1065 3631 1281 3723 Mediolani,
1310 3642 1350 3704 et·
1377 3631 1468 3704 reci·

409 3747 530 3846 piatur
557 3745 603 3820 ab
629 3749 681 3822 eis
698 3772 763 3846 por
781 3747 948 3821 dominos
966 3774 1027 3822 sex
1045 3749 1137 3824 infra
1155 3771 1317 3822 mensem
1342 3768 1468 3836 unum,

409 3863 507 3938 bona
538 3878 577 3936 et
607 3866 747 3965 ydouea
775 3867 967 3940 satisdatio
998 3867 1045 3940 de
1078 3870 1129 3940 eis
1148 3905 1150 3913 ι
1167 3867 1408 3967 gubernandis
1433 3876 1470 3938 et

409 4141 428 4183 a
456 4097 618 4190 subsitum
636 4155 648 4182 ι
669 4133 747 4202 (Cot
765 4135 883 4206 pram),
901 4134 966 4204 nu,
983 4140 1013 4190 ut
1030 4147 1109 4206 reor„
1128 4135 1269 4190 mendose.
1401 4135 1404 4142 '
