3386 5122
276 305 279 314 '
375 305 397 372 6

306 499 314 514 .
371 415 539 488 dominos
566 414 757 513 Symonem
792 413 837 486 de
863 413 1099 485 Pontremulo
1136 427 1221 485 tunc
1259 417 1430 488 vicarium

370 547 407 606 et
431 545 696 631 exgravatorem
729 530 868 602 domini
895 531 1107 622 Mediolani,
1134 547 1169 603 et
1193 533 1431 605 Laurentium

370 652 416 723 de
441 650 680 746 Bernadigio,
702 649 957 721 Aramannium
984 649 1031 722 de
1050 649 1258 744 AllamaniS,
1275 651 1429 724 Ambro-

369 771 463 840 sium
489 771 534 841 de
561 767 721 840 Triulzio
727 827 738 860 ‚
756 766 786 836 F
788 766 1053 852 ranciscltolum
1079 768 1125 840 de
1144 764 1288 866 Capris,
1309 769 1430 840 Astol-

371 885 485 958 folum
512 886 556 958 de
581 885 861 984 Lampugaano‚
887 884 1146 956 Francischum
1174 887 1220 959 de
1237 886 1433 986 Subinago‚

370 1004 562 1076 Franzium
589 1003 826 1102 Spanzoram,
856 1003 1091 1074 Antoniolum
1116 1005 1283 1094 Restm,
1309 1006 1432 1076 Rumi·

369 1149 457 1196 num
482 1123 527 1194 de
552 1121 671 1214 Poris,
688 1115 844 1220 Filipum
874 1120 919 1192 de
943 1118 1100 1220 Capellis
1118 1134 1156 1194 et
1172 1121 1430 1194 Carnevarium

371 1242 416 1312 de
442 1239 614 1312 Mandelo
639 1240 759 1339 laycos
784 1237 929 1310 fuerunt
953 1239 1046 1329 visa,
1065 1243 1266 1312 examinata
1292 1253 1330 1312 et
1354 1261 1432 1312 cor·

371 1373 488 1450 recta,
515 1371 624 1458 prout
610 1356 866 1429 tdiscretioui
900 1383 1024 1428 eorum
1056 1360 1172 1428 visum
1207 1357 1278 1429 fuit
1303 1358 1430 1430 cedere

371 1481 533 1549 omnium
550 1476 668 1565 bono;
697 1501 739 1547 ac
765 1477 874 1548 etiam
900 1443 1131 1575 postmodum
1159 1476 1204 1548 de
1231 1501 1327 1548 anno
1351 1502 1431 1610 pre-

371 1597 464 1668 senti
480 1596 639 1666 currenti
658 1594 848 1666 millesimo
867 1596 1118 1666 trecentesimo
1137 1575 1431 1727 quinquagesimo

371 1715 488 1813 primo
524 1713 743 1812 dispositum
781 1709 851 1783 suit
890 1737 956 1810 per
989 1711 1144 1784 offitium
1182 1715 1429 1812 provisionum

370 1835 517 1904 nomine
535 1833 702 1932 'comunis
719 1827 914 1901 Mediolani
929 1828 1031 1901 allios
1043 1831 1221 1930 deputare
1239 1833 1432 1930 sapientes,

370 1948 541 2021 videlicet
565 1948 732 2019 dominos
757 1947 956 2044 Rugerium
974 1949 1020 2019 de
1037 1947 1139 2020 Bilfis
1149 2006 1160 2040 ,
1177 1949 1365 2020 Arasmum
1383 1948 1430 2020 de

370 2066 574 2166 Aliprandis
599 2065 722 2164 legum
740 2067 887 2164 peritos,
906 2065 1097 2136 Otorinum
1120 2067 1166 2138 de
1182 2067 1318 2157 BurriS,
1337 2065 1438 2137 Gui··

370 2185 495 2256 detum
511 2181 756 2276 dePusterla,
771 2179 972 2254 Maffiolum
989 2183 1035 2256 de
1049 2183 1216 2284 Morigiis
1232 2197 1268 2256 et
1278 2182 1429 2255 Palliam

371 2303 417 2373 de
443 2301 589 2372 Grassis
615 2301 734 2400 laycos
759 2301 854 2370 viros
880 2301 1076 2392 discretos,
1102 2305 1165 2399 qui
1194 2325 1303 2401 super
1335 2327 1432 2374 com-

370 2539 511 2610 cundos
550 2539 749 2637 sapientes,
784 2548 821 2607 et
859 2561 968 2633 super
1005 2536 1340 2636 discrepationibus.
1368 2561 1431 2610 seu

371 2655 583 2728 differentiis
607 2669 645 2726 at
671 2652 783 2745 alliis,
809 2654 873 2750 qui
899 2655 949 2725 eis
973 2653 1184 2727 viderentur
1209 2655 1339 2728 cedere
1366 2681 1431 2754 pu·

370 2774 464 2848 blice
489 2774 657 2866 utilitati,
674 2769 852 2844 deberent
873 2771 1079 2870 providere,
1105 2773 1229 2866 adare,
1245 2774 1430 2864 mandare,

370 2905 511 2966 mutare
538 2917 580 2966 ac
605 2893 652 2965 de
677 2920 789 2986 novo,
816 2886 935 2966 ut'eis
960 2893 1160 2985 videbitur,
1187 2905 1368 2984 statuere3
1395 2907 1432 2965 et

371 3013 422 3082 sio
449 3035 541 3109 opus
567 3012 788 3112 predictum,
816 3014 862 3085 ad
881 3013 979 3112 quod
997 3010 1160 3111 deputati
1185 3008 1350 3104 fuerunt,
1368 3037 1430 3082 cu-

371 3128 488 3201 stodia
513 3143 551 3200 et
569 3154 656 3202 cura
673 3130 783 3230 vigilli
801 3157 843 3204 ac
862 3132 1015 3221 solicita,
1034 3125 1112 3201 Deo
1129 3130 1303 3229 propitio,
1322 3153 1429 3226 quam

369 3246 523 3320 velotius
548 3259 762 3346 potuerunt,
780 3250 826 3321 ad
849 3248 1015 3321 effectum
1041 3247 1305 3347 perduxerunt,
1322 3261 1431 3346 prout

372 3363 521 3438 inferius
546 3368 724 3464 sequitur.

421 3483 464 3554 In
499 3485 644 3557 nomine
670 3482 828 3555 Domini.
856 3485 962 3556 Anno
995 3510 1016 3558 a
1048 3483 1235 3556 nativitate
1271 3483 1431 3556 eiusdem

371 3602 577 3676 millessimo
612 3605 883 3677 trecentessimo
914 3607 1163 3704 nonagessimo
1192 3615 1317 3697 sexto,
1343 3604 1430 3677 indi·

370 3720 492 3792 ctione
517 3736 660 3819 quarta,
686 3723 746 3796 die
778 3724 920 3797 decimo
953 3727 1063 3796 tertio
1090 3724 1224 3794 mensis
1258 3724 1430 3814 ianuarii,

370 3838 460 3910 hora
484 3839 670 3936 vigessima
697 3841 863 3931 secunda.
890 3837 1033 3912 Nobilis
1059 3854 1096 3912 et
1121 3840 1285 3939 egregius
1311 3838 1430 3940 logum

371 3957 500 4027 doctor
525 3955 692 4028 dominus
718 3955 897 4029 Antonius
922 3958 970 4029 de
995 3957 1219 4029 Follionibus
1236 3958 1283 4029 de
1305 3959 1429 4030 Arezio

370 4073 723 4172 vicarius'ganeralis
749 4076 899 4148 illustris
925 4076 1108 4175 Principis
1134 4101 1175 4148 ac
1209 4076 1431 4150 excellentis-
