3416 5054
382 287 430 358 82

377 402 532 474 dominis
559 427 643 493 sex,
670 427 751 480 cutn
782 413 888 474 erunt
913 404 949 474 in
975 405 1153 493 exercitu3
1180 415 1217 474 et
1243 411 1431 477 teneantur

377 517 465 590 dicti
483 520 657 592 canevarii
671 531 756 591 ante
771 520 963 618 introytum
979 521 1034 594 sui
1052 517 1158 590 offitii
1174 521 1299 594 iurare
1311 547 1431 594 coram

377 639 508 710 vicario
522 638 773 736 provixiounm
787 635 833 708 de
845 634 1006 710 fatiendo
1018 636 1155 710 dictum
1169 637 1324 710 offitium
1338 634 1432 712 bona

376 753 448 828 fide
474 757 550 828 sine
576 755 719 846 fraude,
743 767 782 826 et
807 754 979 828 satisdare
1004 780 1088 826 cum
1113 754 1218 827 bonis
1245 755 1431 854 fideiusso-

376 873 475 946 ribus
492 874 539 946 de
556 871 657 945 libris
677 871 775 944 mille
797 871 1023 944 tertiolorum
1040 897 1107 971 pro
1125 873 1288 970 quolibet
1305 900 1430 946 eorum

377 990 423 1064 de
449 989 607 1062 satiando
634 1003 671 1062 et
695 989 897 1062 exercendo
923 989 1016 1064 hene
1039 1003 1077 1062 et
1097 990 1261 1087 legaliter
1279 990 1431 1064 offitium

377 1133 483 1179 suum
495 1164 508 1200 ‚
545 1120 583 1180 et
611 1107 658 1180 de
681 1109 821 1178 ratione
859 1106 1065 1199 reddenda,
1095 1121 1211 1206 prout,
1240 1105 1347 1182 offitii
1376 1112 1431 1181 sui

378 1225 536 1324 qualitas
553 1227 725 1322 requirit,
752 1224 862 1297 etde
880 1222 1106 1299 observando
1122 1239 1254 1298 statuta
1271 1229 1433 1298 comunis

376 1341 574 1415 Mediolani
599 1354 637 1414 et
664 1340 939 1414 reformationes
969 1341 1220 1434 consiliorum,
1241 1354 1279 1415 et
1302 1343 1349 1416 de
1372 1369 1432 1415 cu·

377 1460 581 1553 stodiendo‚
607 1459 777 1532 salvando
803 1473 841 1530 et
865 1460 1089 1549 restituendo
1115 1485 1173 1534 res
1200 1473 1237 1532 et
1261 1461 1355 1532 bona
1372 1487 1431 1534 co-

376 1581 492 1652 munis
518 1577 734 1671 Mediolani,
759 1589 838 1677 que'
857 1595 940 1652 sunt
965 1591 1003 1652 et
1026 1587 1268 1678 pervenerunt
1283 1579 1330 1651 ad
1347 1605 1430 1651 suas

377 1713 504 1770 manus
531 1697 577 1768 ad
602 1697 794 1768 utilitatem
820 1698 982 1771 comunis
1012 1696 1232 1788 Mediolani3
1263 1711 1300 1769 et
1325 1698 1432 1770 duret

377 1840 503 1886 eorum
529 1813 683 1886 offitium
706 1839 773 1914 per
796 1839 937 1886 menses
956 1839 1018 1888 sex
1035 1829 1071 1888 et
1088 1840 1161 1886 non
1179 1812 1296 1907 ultra·‚'
1313 1828 1351 1888 et
1368 1817 1432 1915 qui

377 1930 511 2006 fuerint
536 1937 602 2031 p'er
626 1955 686 2006 sex
712 1956 871 2025 menses,
893 1957 965 2004 non
983 1935 1120 2032 possint
1136 1956 1214 2004 esse
1232 1930 1277 2003 ad
1295 1930 1430 2006 dictum

377 2047 532 2121 offitium
558 2047 652 2121 infra
677 2050 769 2121 duos
794 2075 905 2122 annos
932 2050 1060 2122 exinde
1087 2061 1300 2147 sequentes„

412 2167 524 2240 'ClX.
550 2167 607 2240 De
633 2167 765 2242 eodem.

426 2286 585 2358 Predicti
610 2288 812 2376 canevarii,
835 2288 965 2357 notarii
983 2300 1021 2360 et
1038 2289 1224 2358 servitores
1245 2299 1432 2359 teneantur

377 2407 476 2477 omni
501 2405 560 2478 die
585 2404 658 2496 bis,
684 2403 852 2477 videlicet
878 2405 914 2476 in
940 2429 1046 2478 mane
1072 2418 1109 2477 et
1132 2404 1178 2477 de
1200 2411 1430 2506 post'nonas,

375 2549 458 2596 cum
482 2522 664 2623 pulsatum
689 2521 799 2594 luerit
821 2547 993 2621 campana
1010 2524 1296 2613 consuetudinis,
1309 2523 1431 2594 venire

375 2623 423 2712 a'd
449 2665 626 2713 cameram
660 2641 843 2731 comunis,
873 2652 911 2712 et
941 2638 994 2711 ibi
1021 2665 1232 2739 permanere
1263 2641 1430 2712 continue

375 2787 396 2830 a
422 2783 527 2830 mane
553 2784 668 2856 usque
695 2746 900 2831 adsertam
927 2770 963 2830 et
988 2767 1075 2857 post
1100 2765 1212 2831 nonas
1243 2765 1361 2855 usque
1386 2755 1433 2829 ad

375 2901 559 2975 vesperas;
595 2889 632 2948 et
664 2877 843 2949 canevarii
873 2876 931 2948 vel
967 2901 1058 2946 unus
1089 2899 1211 2948 eorum
1243 2887 1432 2948 teneantur

376 3019 444 3095 per
470 3005 733 3066 sacramentum
760 2993 996 3092 personaliter
1017 2995 1074 3064 ire
1093 2993 1138 3064 ad
1156 2991 1332 3090 quaslibet
1349 3006 1433 3064 con-

378 3115 501 3184 ciones
532 3125 568 3184 et
600 3105 750 3185 consilia
784 3112 945 3184 comunis
976 3110 1196 3202 Mediolani,
1231 3112 1268 3182 in
1299 3110 1432 3207 quibus

376 3229 509 3304 fierent
534 3229 656 3327 alique
675 3230 1039 3329 ¹condempnationes²
1066 3241 1103 3302 et
1128 3231 1247 3302 statim
1270 3231 1431 3326 accipere

377 3362 570 3449 quaternos
610 3346 975 3446 condempnationum
1014 3360 1050 3420 et
1087 3346 1356 3419 absolutionum
1394 3347 1432 3416 in

377 3466 482 3542 dictis
509 3463 753 3540 concionibus
774 3477 810 3536 et
836 3464 994 3536 consiliis
1020 3464 1210 3556 factarum3
1245 3466 1283 3537 et
1312 3466 1433 3552 incon-

378 3585 503 3658 tinenti
535 3587 633 3684 ipsos
666 3595 862 3682 quaternos
895 3585 982 3688 poni
998 3581 1136 3655 ‘lauant
1162 3584 1198 3654 in
1224 3581 1319 3654 libro
1345 3605 1432 3653 con-

376 3702 671 3803 dempnationum
696 3714 734 3774 et
759 3700 1025 3774 absolutionum
1050 3701 1140 3772 dicti
1166 3702 1342 3774 comunis.
1390 3771 1393 3774 ,
1428 3721 1432 3726 ·

430 3819 505 3892 CX.
535 3819 647 3916 Quod
671 3834 745 3892 toto
767 3822 926 3919 pecunia
951 3824 1115 3892 comunis
1137 3818 1336 3892 Meduana·
1348 3842 1435 3916 peru-

376 3943 490 4010 uev'u'at
513 3943 549 4009 iu
577 3943 826 4011 texuurerium
840 3943 912 4010 mel
928 3952 1172 4037 'campsorem

428 4057 520 4130 Tota
547 4058 697 4155 pecunia
731 4071 767 4128 et
799 4081 903 4130 avere
920 4055 1097 4128 'comunis
1129 4053 1323 4130 Mediolani
1348 4075 1431 4152 per-
