3386 5122
376 305 395 379 l

370 416 529 520 Filipolo
557 411 703 495 Turisio
722 435 761 491 et
775 420 932 494 Bertana
947 419 1104 511 Trollia,
1121 419 1297 502 ambobus
1322 419 1429 502 tulna*

371 539 518 617 toribus·
534 539 696 622 comunis
718 537 918 622 Mediolani
940 536 1078 619 civibus
1103 537 1318 631 Mediolani,
1336 539 1431 620 teati-

370 657 443 737 hus
465 659 604 735 vocatis
627 668 667 730 et
691 657 837 754 rogatis.

373 955 377 960 .
419 892 463 965 In
489 894 635 966 nomine
652 893 810 966 Domini.
836 891 1030 976 Millesimo
1047 894 1296 964 trecentesimo
1322 892 1430 992 quin·
1555 952 1558 958 .

371 1011 583 1109 quagesimo
601 1009 738 1108 prime,
758 990 955 1092 indictione
978 1024 1128 1108 quarta,
1145 1007 1205 1080 die
1230 993 1357 1082 martis¹
1381 1011 1431 1091 vi-

370 1121 508 1227 gesimo
540 1127 711 1203 seeundo*
731 1128 865 1207 mensis
892 1128 1027 1210 marsii.
1060 1122 1295 1224 Probemium
1320 1140 1431 1210 statu·

370 1257 491 1325 turum
509 1247 584 1318 sive
602 1246 734 1329 iurium
746 1243 1082 1344 municipalliumet
1095 1245 1430 1330 ordinamentorum

370 1364 534 1445 comunis
559 1362 769 1454 Mediolani,
794 1360 972 1439 factorum
999 1362 1341 1461 etoompilatorum
1366 1387 1435 1462 per,

370 1480 549 1580 sapientes
581 1493 619 1552 et
646 1480 825 1552 discretos
857 1482 967 1554 vires·
988 1478 1157 1568 dominos
1194 1481 1356 1564 Leunem
1383 1479 1431 1564 de.

369 1597 566 1696 Dugnano,
594 1597 849 1696 Segniorolum
883 1597 929 1679 de
954 1596 1175 1688 Homedeis,
1200 1595 1431 1682 Manlredum

367 1715 414 1790 de
441 1741 500 1793 ser
524 1716 726 1807 Azonibus,
742 1716 942 1796 Arazin'nm-
962 1714 1010 1801 de
1034 1714 1242 1815 Aliprandis
1268 1727 1306 1787 et
1331 1715 1431 1800 laco-

366 1833 492 1906 binum
519 1833 565 1905 de
589 1833 725 1904 Bossiis
757 1833 844 1914 iuris
875 1835 1065 1930 utriusque
1090 1821 1247 1935 peritos,
1271 1829 1301 1901 F
1304 1831 1430 1930 ilipum¹

367 1953 414 2026 de
440 1949 618 2044 Cezoriis,
644 1950 866 2029 Franzinum-
889 1947 946 2022 de
961 1951 1110 2049 bripio,
1144 1949 1356 2032 lacobinum
1383 1951 1430 2032 de

335 2119 337 2124 -
367 2049 595 2167 Ubregeriis,
608 2068 820 2150 Iacobinum
835 2067 1091 2165 Panigarolum
1098 2123 1110 2160 ,
1121 2067 1352 2158 Beltramum
1369 2068 1433 2154 Gif

367 2211 498 2270 renum
523 2200 560 2258 et
585 2186 802 2270 Iobanolum
831 2187 878 2258 de
905 2187 1059 2285 Paganis
1086 2184 1209 2286 laycos
1236 2187 1330 2270 cives
1351 2187 1430 2261 Me·-

368 2305 523 2397 diolani,
551 2319 592 2378 et-
612 2307 827 2404 scriptorum
845 2331 912 2404 per
929 2304 1151 2404 Paganolmn
1176 2305 1432 2402 Panigarolum

368 2423 549 2496 notarium
576 2437 614 2496 et
639 2425 754 2496 civem
782 2435 821 2505 et
846 2421 1128 2522 gubernatorem
1154 2423 1372 2508 statutorum
1398 2436 1446 2493 et.

368 2543 707 2624 ordinamentorum
734 2539 821 2624 dieti
847 2543 1023 2630 comunis,
1042 2539 1178 2616 adhoc
1203 2539 1342 2626 eleetos
1368 2567 1433 2627 sen

369 2660 562 2760 deputatos
589 2685 656 2758 per
680 2682 837 2731 comune
857 2647 1084 2748 Mediolani,
1100 2684 1170 2755 que
1193 2655 1339 2757 quidem
1362 2672 1433 2733 sta·

368 2792 445 2850 tuta
471 2791 508 2860 et
534 2776 785 2851 ordinamenta
811 2777 971 2856 senium
988 2776 1221 2874 municipalia
1247 2775 1343 2864 lecta
1368 2801 1433 2850 seu

335 2969 347 2997 τ
369 2895 573 2994 compillnta
587 2908 671 2966 sunt
688 2895 735 2967 ad
752 2891 981 2994 magnifieum
996 2907 1033 2966 et
1045 2894 1242 2993 gloriosum
1256 2895 1432 2982 honorem

368 3014 515 3086 Domini
554 3015 669 3085 nostri
701 3013 783 3086 lesu
817 3013 949 3086 Christi
981 3025 1018 3086 et
1043 3013 1250 3099 beatissime
1274 3013 1432 3110 Virginis

369 3131 485 3204 Marie
519 3132 645 3204 matris
680 3134 775 3225 eius,
810 3131 986 3216 Iohannis,
1013 3131 1177 3229 Baptista
1215 3132 1432 3228 protectoris

366 3249 708 3348 Langobardorum,
725 3263 763 3332 et
787 3249 885 3325 beati
910 3249 1095 3320 Ambrosii
1121 3249 1322 3348 dignissimi
1348 3229 1433 3321 oon-³

368 3365 516 3451 sessoris
543 3381 579 3442 et
605 3367 811 3450 laudabillis
838 3370 1053 3467 protectoris
1071 3380 1109 3440 et
1135 3366 1347 3452 deffensoris
1373 3392 1432 3438 co-

368 3490 488 3564 munis
501 3503 539 3560 et
552 3487 741 3560 hominum
755 3486 966 3580 Mediolani,
980 3511 1021 3558 ac
1038 3489 1150 3573 totius
1161 3487 1263 3573 -eurie
1276 3486 1431 3577 celestiS,

370 3618 408 3686 et
433 3603 610 3679 honorem
637 3596 866 3687 sacrosancte
892 3631 1042 3678 romane
1067 3605 1231 3696 ecclesie,
1249 3606 1342 3692 sacri
1367 3605 1432 3674 irn-

369 3724 482 3822 perii,
508 3749 573 3795 nec
606 3750 680 3796 non
715 3722 897 3823 magnifici
929 3724 1132 3807 etexcelsi
1165 3723 1303 3811 domini
1332 3721 1429 3794 dom.

367 3821 538 3920 lobannis
574 3843 810 3916 vicecomitis
843 3845 910 3916 Dei
949 3843 1064 3941 gratia
1098 3857 1167 3914 etc.
1206 3840 1359 3928 ¹civitatis
1395 3854 1432 3912 et

369 3959 556 4040 districtus
588 3959 785 4044 Mediolani
815 3959 951 4032 domini
986 3959 1182 4059 generalis,
1208 3985 1250 4030 ac
1285 3957 1432 4030 nobillis

368 4078 437 4149 viri
464 4078 603 4156 domini
629 4064 793 4150 Nicbolni
820 4077 849 4146 F
851 4103 892 4177 ey
910 4077 963 4149 ‘de
988 4079 1117 4152 Arezio
1129 4075 1334 4166 Mediolani
1360 4089 1429 4180 etc.
