<?xml version="1.0" encoding="UTF-8"?>
<!DOCTYPE html PUBLIC "-//W3C//DTD XHTML 1.0 Transitional//EN"
    "http://www.w3.org/TR/xhtml1/DTD/xhtml1-transitional.dtd">
<html xmlns="http://www.w3.org/1999/xhtml" xml:lang="en" lang="en">
 <head>
  <title>
</title>
<meta http-equiv="Content-Type" content="text/html;charset=utf-8" />
  <meta name='ocr-system' content='tesseract 3.04.00' />
  <meta name='ocr-capabilities' content='ocr_page ocr_carea ocr_par ocr_line ocrx_word'/>
</head>
<body>
  <div class='ocr_page' id='page_1' title='image "./statutaiurisdic00itagoog_0185.png"; bbox 0 0 3338 5042; ppageno 0'>
   <div class='ocr_carea' id='block_1_1' title="bbox 348 331 1493 2901">
    <p class='ocr_par' dir='ltr' id='par_1_1' title="bbox 431 331 502 402">
     <span class='ocr_line' id='line_1_1' title="bbox 431 331 502 402; baseline 0 0"><span class='ocrx_word' id='word_1_1' title='bbox 431 331 502 402; x_wconf 76' lang='grc'><strong>170</strong></span> 
     </span>
    </p>

    <p class='ocr_par' dir='ltr' id='par_1_2' title="bbox 425 443 1493 665">
     <span class='ocr_line' id='line_1_2' title="bbox 477 443 1493 548; baseline 0.008 -30"><span class='ocrx_word' id='word_1_2' title='bbox 477 445 706 518; x_wconf 85' lang='lat' dir='ltr'><strong>CCLXVIlI.</strong></span> <span class='ocrx_word' id='word_1_3' title='bbox 736 443 881 543; x_wconf 84' lang='lat' dir='ltr'><strong>Quod&#39;</strong></span> <span class='ocrx_word' id='word_1_4' title='bbox 860 445 1249 548; x_wconf 76' lang='lat' dir='ltr'><strong>coristitutionesfac&#39;te</strong></span> <span class='ocrx_word' id='word_1_5' title='bbox 1264 466 1398 524; x_wconf 82' lang='lat' dir='ltr'><strong>contra</strong></span> <span class='ocrx_word' id='word_1_6' title='bbox 1422 451 1493 526; x_wconf 60' lang='lat' dir='ltr'><strong>he*</strong></span> 
     </span>
     <span class='ocr_line' id='line_1_3' title="bbox 425 563 1254 665; baseline -0.004 -27"><span class='ocrx_word' id='word_1_7' title='bbox 425 569 575 638; x_wconf 83' lang='lat' dir='ltr'><strong>reticem</strong></span> <span class='ocrx_word' id='word_1_8' title='bbox 597 569 814 665; x_wconf 75' lang='lat' dir='ltr'><em>pravitatem</em></span> <span class='ocrx_word' id='word_1_9' title='bbox 838 563 1111 638; x_wconf 45' lang='lat' dir='ltr'><strong>observentias</strong></span> <span class='ocrx_word' id='word_1_10' title='bbox 1251 595 1254 602; x_wconf 91' lang='grc'><em>·</em></span> 
     </span>
    </p>

    <p class='ocr_par' dir='ltr' id='par_1_3' title="bbox 348 681 1490 1253">
     <span class='ocr_line' id='line_1_4' title="bbox 475 681 1490 760; baseline 0.006 -7"><span class='ocrx_word' id='word_1_11' title='bbox 475 683 615 754; x_wconf 90' lang='lat' dir='ltr'><strong>Statuta</strong></span> <span class='ocrx_word' id='word_1_12' title='bbox 641 695 678 754; x_wconf 91' lang='lat' dir='ltr'><strong>et</strong></span> <span class='ocrx_word' id='word_1_13' title='bbox 703 683 974 754; x_wconf 72' lang='lat' dir='ltr'><strong>constitutiones</strong></span> <span class='ocrx_word' id='word_1_14' title='bbox 1005 681 1099 754; x_wconf 88' lang='lat' dir='ltr'><strong>facta</strong></span> <span class='ocrx_word' id='word_1_15' title='bbox 1130 697 1257 756; x_wconf 89' lang='lat' dir='ltr'><strong>contra</strong></span> <span class='ocrx_word' id='word_1_16' title='bbox 1288 687 1490 760; x_wconf 81' lang='lat' dir='ltr'>hereticam</span> 
     </span>
     <span class='ocr_line' id='line_1_5' title="bbox 348 799 1490 902; baseline 0.004 -30"><span class='ocrx_word' id='word_1_17' title='bbox 348 843 351 849; x_wconf 83' lang='grc'><strong><em>·</em></strong></span> <span class='ocrx_word' id='word_1_18' title='bbox 424 804 656 902; x_wconf 80' lang='lat' dir='ltr'><strong>pravitatem,</strong></span> <span class='ocrx_word' id='word_1_19' title='bbox 683 825 755 898; x_wconf 90' lang='lat' dir='ltr'><strong>que</strong></span> <span class='ocrx_word' id='word_1_20' title='bbox 792 799 973 871; x_wconf 89' lang='lat' dir='ltr'><strong>observari</strong></span> <span class='ocrx_word' id='word_1_21' title='bbox 1011 799 1166 892; x_wconf 89' lang='lat' dir='ltr'><strong>debent,</strong></span> <span class='ocrx_word' id='word_1_22' title='bbox 1201 817 1238 874; x_wconf 93' lang='lat' dir='ltr'><strong>et</strong></span> <span class='ocrx_word' id='word_1_23' title='bbox 1272 803 1318 875; x_wconf 91' lang='lat' dir='ltr'><strong>de</strong></span> <span class='ocrx_word' id='word_1_24' title='bbox 1352 806 1490 902; x_wconf 86' lang='lat' dir='ltr'><strong>quibus</strong></span> 
     </span>
     <span class='ocr_line' id='line_1_6' title="bbox 422 917 1488 1014; baseline 0.004 -24"><span class='ocrx_word' id='word_1_25' title='bbox 422 920 558 992; x_wconf 90' lang='lat' dir='ltr'><strong>mentio</strong></span> <span class='ocrx_word' id='word_1_26' title='bbox 592 917 748 991; x_wconf 86' lang='lat' dir='ltr'><strong>habetur</strong></span> <span class='ocrx_word' id='word_1_27' title='bbox 772 921 809 990; x_wconf 89' lang='lat' dir='ltr'><strong>in</strong></span> <span class='ocrx_word' id='word_1_28' title='bbox 835 929 970 990; x_wconf 89' lang='lat' dir='ltr'><strong>statuto</strong></span> <span class='ocrx_word' id='word_1_29' title='bbox 996 920 1158 990; x_wconf 90' lang='lat' dir='ltr'><strong>comunis</strong></span> <span class='ocrx_word' id='word_1_30' title='bbox 1184 919 1399 1014; x_wconf 84' lang='lat' dir='ltr'>Mediolani,</span> <span class='ocrx_word' id='word_1_31' title='bbox 1427 926 1488 994; x_wconf 91' lang='lat' dir='ltr'><strong>in-</strong></span> 
     </span>
     <span class='ocr_line' id='line_1_7' title="bbox 424 1036 1489 1139; baseline 0.003 -30"><span class='ocrx_word' id='word_1_32' title='bbox 424 1039 599 1139; x_wconf 87' lang='lat' dir='ltr'><strong>cipiente:</strong></span> <span class='ocrx_word' id='word_1_33' title='bbox 630 1063 648 1104; x_wconf 83' lang='lat' dir='ltr'><strong>u</strong></span> <span class='ocrx_word' id='word_1_34' title='bbox 668 1036 902 1108; x_wconf 82' lang='lat' dir='ltr'><strong>decernentes</strong></span> <span class='ocrx_word' id='word_1_35' title='bbox 919 1060 966 1106; x_wconf 92' lang='lat' dir='ltr'><strong>ne</strong></span> <span class='ocrx_word' id='word_1_36' title='bbox 982 1036 1128 1108; x_wconf 88' lang='lat' dir='ltr'><strong>aliunde</strong></span> <span class='ocrx_word' id='word_1_37' title='bbox 1142 1039 1422 1132; x_wconf 87' lang='lat' dir='ltr'><strong>consuetudines</strong></span> <span class='ocrx_word' id='word_1_38' title='bbox 1448 1055 1489 1112; x_wconf 88' lang='lat' dir='ltr'><strong>et</strong></span> 
     </span>
     <span class='ocr_line' id='line_1_8' title="bbox 424 1153 1429 1253; baseline -0.004 -29"><span class='ocrx_word' id='word_1_39' title='bbox 424 1154 676 1227; x_wconf 74' lang='lat' dir='ltr'><strong>ordinamenta</strong></span> <span class='ocrx_word' id='word_1_40' title='bbox 701 1167 770 1224; x_wconf 86' lang='lat' dir='ltr'><strong>etc.</strong></span> <span class='ocrx_word' id='word_1_41' title='bbox 789 1183 826 1245; x_wconf 70' lang='lat' dir='ltr'><strong>a,</strong></span> <span class='ocrx_word' id='word_1_42' title='bbox 851 1153 1051 1248; x_wconf 85' lang='lat' dir='ltr'><strong>sequuntur</strong></span> <span class='ocrx_word' id='word_1_43' title='bbox 1075 1179 1142 1253; x_wconf 87' lang='lat' dir='ltr'><strong>per</strong></span> <span class='ocrx_word' id='word_1_44' title='bbox 1167 1154 1236 1226; x_wconf 86' lang='lat' dir='ltr'><strong>hec</strong></span> <span class='ocrx_word' id='word_1_45' title='bbox 1259 1154 1383 1227; x_wconf 77' lang='lat' dir='ltr'><strong>verba:</strong></span> <span class='ocrx_word' id='word_1_46' title='bbox 1426 1215 1429 1220; x_wconf 80' lang='grc'>,</span> 
     </span>
    </p>

    <p class='ocr_par' dir='ltr' id='par_1_4' title="bbox 379 1272 1488 1962">
     <span class='ocr_line' id='line_1_9' title="bbox 472 1272 1487 1370; baseline 0.005 -29"><span class='ocrx_word' id='word_1_47' title='bbox 472 1272 706 1342; x_wconf 80' lang='lat' dir='ltr'><strong>Innocentius</strong></span> <span class='ocrx_word' id='word_1_48' title='bbox 732 1273 923 1370; x_wconf 87' lang='lat' dir='ltr'><strong>episcopus</strong></span> <span class='ocrx_word' id='word_1_49' title='bbox 949 1295 1073 1342; x_wconf 88' lang='lat' dir='ltr'><strong>servus</strong></span> <span class='ocrx_word' id='word_1_50' title='bbox 1105 1295 1291 1344; x_wconf 87' lang='lat' dir='ltr'><strong>servorum</strong></span> <span class='ocrx_word' id='word_1_51' title='bbox 1315 1274 1400 1345; x_wconf 89' lang='lat' dir='ltr'><strong>Dei:</strong></span> <span class='ocrx_word' id='word_1_52' title='bbox 1427 1275 1487 1346; x_wconf 91' lang='lat' dir='ltr'><strong>di-</strong></span> 
     </span>
     <span class='ocr_line' id='line_1_10' title="bbox 379 1387 1486 1488; baseline 0.003 -29"><span class='ocrx_word' id='word_1_53' title='bbox 379 1410 384 1418; x_wconf 88' lang='grc'><strong><em>’</em></strong></span> <span class='ocrx_word' id='word_1_54' title='bbox 421 1389 526 1461; x_wconf 88' lang='lat' dir='ltr'><strong>lectis</strong></span> <span class='ocrx_word' id='word_1_55' title='bbox 549 1387 636 1460; x_wconf 84' lang='lat' dir='ltr'><strong>siliis</strong></span> <span class='ocrx_word' id='word_1_56' title='bbox 660 1389 1112 1488; x_wconf 69' lang='lat' dir='ltr'><strong>potestatibusyoonsciliis</strong></span> <span class='ocrx_word' id='word_1_57' title='bbox 1142 1404 1180 1462; x_wconf 91' lang='lat' dir='ltr'><strong>et</strong></span> <span class='ocrx_word' id='word_1_58' title='bbox 1201 1392 1486 1464; x_wconf 88' lang='lat' dir='ltr'><strong>comunitatibus</strong></span> 
     </span>
     <span class='ocr_line' id='line_1_11' title="bbox 422 1506 1488 1609; baseline 0.005 -32"><span class='ocrx_word' id='word_1_59' title='bbox 422 1509 607 1579; x_wconf 87' lang='lat' dir='ltr'><strong>civitatum</strong></span> <span class='ocrx_word' id='word_1_60' title='bbox 633 1507 857 1604; x_wconf 87' lang='lat' dir='ltr'><strong>aliorumque</strong></span> <span class='ocrx_word' id='word_1_61' title='bbox 876 1509 1039 1578; x_wconf 81' lang='lat' dir='ltr'><strong>locomm</strong></span> <span class='ocrx_word' id='word_1_62' title='bbox 1056 1506 1159 1579; x_wconf 89' lang='lat' dir='ltr'><strong>Italie</strong></span> <span class='ocrx_word' id='word_1_63' title='bbox 1176 1508 1329 1579; x_wconf 85' lang='lat' dir='ltr'><strong>salutem</strong></span> <span class='ocrx_word' id='word_1_64' title='bbox 1347 1523 1386 1581; x_wconf 91' lang='lat' dir='ltr'><strong>et</strong></span> <span class='ocrx_word' id='word_1_65' title='bbox 1399 1535 1488 1609; x_wconf 90' lang='lat' dir='ltr'><strong>apo-</strong></span> 
     </span>
     <span class='ocr_line' id='line_1_12' title="bbox 422 1623 1486 1700; baseline 0 -2"><span class='ocrx_word' id='word_1_66' title='bbox 422 1625 585 1698; x_wconf 87' lang='lat' dir='ltr'><strong>stolicam</strong></span> <span class='ocrx_word' id='word_1_67' title='bbox 612 1625 916 1698; x_wconf 82' lang='lat' dir='ltr'><strong>benedictionem.</strong></span> <span class='ocrx_word' id='word_1_68' title='bbox 955 1623 1047 1694; x_wconf 86' lang='lat' dir='ltr'><strong>Cum</strong></span> <span class='ocrx_word' id='word_1_69' title='bbox 1082 1626 1257 1697; x_wconf 88' lang='lat' dir='ltr'><strong>adversus</strong></span> <span class='ocrx_word' id='word_1_70' title='bbox 1289 1627 1486 1700; x_wconf 86' lang='lat' dir='ltr'><strong>hereticam</strong></span> 
     </span>
     <span class='ocr_line' id='line_1_13' title="bbox 420 1728 1485 1845; baseline 0.003 -31"><span class='ocrx_word' id='word_1_71' title='bbox 420 1746 637 1844; x_wconf 86' lang='lat' dir='ltr'><strong>pravitatem</strong></span> <span class='ocrx_word' id='word_1_72' title='bbox 669 1742 851 1841; x_wconf 87' lang='lat' dir='ltr'><strong>quondam</strong></span> <span class='ocrx_word' id='word_1_73' title='bbox 870 1741 1073 1814; x_wconf 78' lang='lat' dir='ltr'><strong>&#39;Fedeu&#39;cus</strong></span> <span class='ocrx_word' id='word_1_74' title='bbox 1099 1728 1342 1816; x_wconf 79' lang='lat' dir='ltr'><strong>Romanomm</strong></span> <span class='ocrx_word' id='word_1_75' title='bbox 1359 1747 1485 1845; x_wconf 80' lang='lat' dir='ltr'><strong>‘impe-</strong></span> 
     </span>
     <span class='ocr_line' id='line_1_14' title="bbox 421 1860 1244 1962; baseline 0 -30"><span class='ocrx_word' id='word_1_76' title='bbox 421 1877 520 1934; x_wconf 89' lang='lat' dir='ltr'><strong>rator</strong></span> <span class='ocrx_word' id='word_1_77' title='bbox 544 1861 825 1962; x_wconf 79' lang='lat' dir='ltr'><strong>promulgaverit</strong></span> <span class='ocrx_word' id='word_1_78' title='bbox 850 1860 1025 1960; x_wconf 87' lang='lat' dir='ltr'><strong>quasdam</strong></span> <span class='ocrx_word' id='word_1_79' title='bbox 1051 1860 1149 1960; x_wconf 84' lang='lat' dir='ltr'><strong>leges</strong></span> <span class='ocrx_word' id='word_1_80' title='bbox 1175 1876 1244 1934; x_wconf 85' lang='lat' dir='ltr'><strong>etc.</strong></span> 
     </span>
    </p>

    <p class='ocr_par' dir='ltr' id='par_1_5' title="bbox 422 1975 1487 2168">
     <span class='ocr_line' id='line_1_15' title="bbox 472 1975 1487 2078; baseline 0.003 -29"><span class='ocrx_word' id='word_1_81' title='bbox 472 1980 604 2051; x_wconf 89' lang='lat' dir='ltr'><strong>Datum</strong></span> <span class='ocrx_word' id='word_1_82' title='bbox 624 1980 769 2069; x_wconf 85' lang='lat' dir='ltr'><strong>Assisii,</strong></span> <span class='ocrx_word' id='word_1_83' title='bbox 791 2005 828 2049; x_wconf 81' lang='lat' dir='ltr'><strong>xi</strong></span> <span class='ocrx_word' id='word_1_84' title='bbox 844 1975 1019 2050; x_wconf 84' lang='lat' dir='ltr'><strong>kalendas</strong></span> <span class='ocrx_word' id='word_1_85' title='bbox 1044 1979 1150 2070; x_wconf 86' lang='lat' dir='ltr'><strong>innii,</strong></span> <span class='ocrx_word' id='word_1_86' title='bbox 1164 1979 1398 2078; x_wconf 85' lang='lat' dir='ltr'><strong>pontificatus</strong></span> <span class='ocrx_word' id='word_1_87' title='bbox 1416 2007 1487 2052; x_wconf 87' lang='lat' dir='ltr'><strong>no.-</strong></span> 
     </span>
     <span class='ocr_line' id='line_1_16' title="bbox 422 2096 873 2168; baseline -0.004 -1"><span class='ocrx_word' id='word_1_88' title='bbox 422 2099 487 2168; x_wconf 88' lang='lat' dir='ltr'><strong>stri</strong></span> <span class='ocrx_word' id='word_1_89' title='bbox 514 2121 610 2168; x_wconf 90' lang='lat' dir='ltr'><strong>anno</strong></span> <span class='ocrx_word' id='word_1_90' title='bbox 635 2096 827 2168; x_wconf 89' lang='lat' dir='ltr'><strong>undecimo</strong></span> <span class='ocrx_word' id='word_1_91' title='bbox 844 2101 873 2165; x_wconf 68' lang='grc' dir='ltr'><strong>Α.</strong></span> 
     </span>
    </p>

    <p class='ocr_par' dir='ltr' id='par_1_6' title="bbox 419 2213 1486 2901">
     <span class='ocr_line' id='line_1_17' title="bbox 472 2213 1485 2313; baseline 0.003 -30"><span class='ocrx_word' id='word_1_92' title='bbox 472 2213 709 2286; x_wconf 90' lang='lat' dir='ltr'><strong>Innocentius</strong></span> <span class='ocrx_word' id='word_1_93' title='bbox 736 2216 929 2313; x_wconf 90' lang='lat' dir='ltr'><strong>episcopus</strong></span> <span class='ocrx_word' id='word_1_94' title='bbox 956 2238 1077 2285; x_wconf 84' lang='lat' dir='ltr'><strong>servus</strong></span> <span class='ocrx_word' id='word_1_95' title='bbox 1105 2237 1291 2284; x_wconf 82' lang='lat' dir='ltr'><strong>servorum</strong></span> <span class='ocrx_word' id='word_1_96' title='bbox 1316 2215 1402 2306; x_wconf 90' lang='lat' dir='ltr'><strong>Dei,</strong></span> <span class='ocrx_word' id='word_1_97' title='bbox 1429 2216 1485 2286; x_wconf 89' lang='lat' dir='ltr'><strong>di-</strong></span> 
     </span>
     <span class='ocr_line' id='line_1_18' title="bbox 422 2330 1485 2430; baseline 0.001 -27"><span class='ocrx_word' id='word_1_98' title='bbox 422 2332 524 2405; x_wconf 89' lang='lat' dir='ltr'><strong>lectis</strong></span> <span class='ocrx_word' id='word_1_99' title='bbox 555 2332 640 2405; x_wconf 86' lang='lat' dir='ltr'><strong>filiis</strong></span> <span class='ocrx_word' id='word_1_100' title='bbox 674 2330 916 2430; x_wconf 87' lang='lat' dir='ltr'><strong>potestatibus</strong></span> <span class='ocrx_word' id='word_1_101' title='bbox 949 2334 1022 2403; x_wconf 88' lang='lat' dir='ltr'><strong>sive</strong></span> <span class='ocrx_word' id='word_1_102' title='bbox 1052 2331 1270 2424; x_wconf 88' lang='lat' dir='ltr'><strong>rectoribus,</strong></span> <span class='ocrx_word' id='word_1_103' title='bbox 1305 2334 1485 2404; x_wconf 89' lang='lat' dir='ltr'><strong>consciliis</strong></span> 
     </span>
     <span class='ocr_line' id='line_1_19' title="bbox 422 2443 1486 2550; baseline -0.001 -28"><span class='ocrx_word' id='word_1_104' title='bbox 422 2467 459 2522; x_wconf 84' lang='lat' dir='ltr'><strong>et</strong></span> <span class='ocrx_word' id='word_1_105' title='bbox 477 2443 757 2522; x_wconf 84' lang='lat' dir='ltr'><strong>comunitatibus</strong></span> <span class='ocrx_word' id='word_1_106' title='bbox 775 2448 958 2521; x_wconf 86' lang='lat' dir='ltr'><strong>civitatum</strong></span> <span class='ocrx_word' id='word_1_107' title='bbox 986 2449 1209 2546; x_wconf 88' lang='lat' dir='ltr'><strong>aliorumque</strong></span> <span class='ocrx_word' id='word_1_108' title='bbox 1226 2449 1400 2522; x_wconf 78' lang='lat' dir='ltr'><strong>&#39;locorum</strong></span> <span class='ocrx_word' id='word_1_109' title='bbox 1418 2477 1486 2550; x_wconf 93' lang='lat' dir='ltr'><strong>per</strong></span> 
     </span>
     <span class='ocr_line' id='line_1_20' title="bbox 420 2563 1485 2666; baseline 0 -28"><span class='ocrx_word' id='word_1_110' title='bbox 420 2568 561 2640; x_wconf 89' lang='lat' dir='ltr'><strong>Italiam</strong></span> <span class='ocrx_word' id='word_1_111' title='bbox 588 2568 793 2642; x_wconf 83' lang='lat' dir='ltr'><strong>constitutis</strong></span> <span class='ocrx_word' id='word_1_112' title='bbox 819 2565 973 2640; x_wconf 87' lang='lat' dir='ltr'><strong>salutem</strong></span> <span class='ocrx_word' id='word_1_113' title='bbox 1000 2581 1036 2638; x_wconf 90' lang='lat' dir='ltr'><strong>et</strong></span> <span class='ocrx_word' id='word_1_114' title='bbox 1068 2563 1305 2666; x_wconf 85' lang='lat' dir='ltr'><strong>apostolicam</strong></span> <span class='ocrx_word' id='word_1_115' title='bbox 1334 2568 1485 2641; x_wconf 52' lang='lat' dir='ltr'><strong>*benedi-</strong></span> 
     </span>
     <span class='ocr_line' id='line_1_21' title="bbox 422 2683 1485 2792; baseline 0 -36"><span class='ocrx_word' id='word_1_116' title='bbox 422 2687 592 2762; x_wconf 87' lang='lat' dir='ltr'><strong>ctionem.</strong></span> <span class='ocrx_word' id='word_1_117' title='bbox 619 2683 676 2757; x_wconf 82' lang='lat' dir='ltr'><strong>Ad</strong></span> <span class='ocrx_word' id='word_1_118' title='bbox 703 2684 913 2788; x_wconf 88' lang='lat' dir='ltr'><strong>extirpanda</strong></span> <span class='ocrx_word' id='word_1_119' title='bbox 928 2684 976 2792; x_wconf 86' lang='lat' dir='ltr'><strong>de</strong></span> <span class='ocrx_word' id='word_1_120' title='bbox 999 2684 1121 2777; x_wconf 85' lang='lat' dir='ltr'><strong>medio</strong></span> <span class='ocrx_word' id='word_1_121' title='bbox 1146 2684 1485 2783; x_wconf 75' lang='lat' dir='ltr'><strong>populiehristiani</strong></span> 
     </span>
     <span class='ocr_line' id='line_1_22' title="bbox 419 2799 1023 2901; baseline -0.013 -21"><span class='ocrx_word' id='word_1_122' title='bbox 419 2799 581 2883; x_wconf 80' lang='lat' dir='ltr'><strong>heretice</strong></span> <span class='ocrx_word' id='word_1_123' title='bbox 600 2800 788 2901; x_wconf 87' lang='lat' dir='ltr'><strong>pravitatis</strong></span> <span class='ocrx_word' id='word_1_124' title='bbox 805 2803 939 2875; x_wconf 88' lang='lat' dir='ltr'><strong>zizania</strong></span> <span class='ocrx_word' id='word_1_125' title='bbox 957 2816 1023 2878; x_wconf 90' lang='lat' dir='ltr'><strong>etc.</strong></span> 
     </span>
    </p>
   </div>
   <div class='ocr_carea' id='block_1_2' title="bbox 418 3102 1484 4188">
    <p class='ocr_par' dir='ltr' id='par_1_7' title="bbox 418 3102 1484 4188">
     <span class='ocr_line' id='line_1_23' title="bbox 497 3102 1484 3174; baseline -0.002 -16"><span class='ocrx_word' id='word_1_126' title='bbox 497 3125 510 3150; x_wconf 75' lang='grc' dir='ltr'><strong>υ</strong></span> <span class='ocrx_word' id='word_1_127' title='bbox 530 3102 669 3159; x_wconf 84' lang='lat' dir='ltr'><strong>valentem</strong></span> <span class='ocrx_word' id='word_1_128' title='bbox 686 3119 844 3174; x_wconf 88' lang='lat' dir='ltr'><strong>personam,</strong></span> <span class='ocrx_word' id='word_1_129' title='bbox 857 3104 928 3158; x_wconf 85' lang='lat' dir='ltr'><strong>siout</strong></span> <span class='ocrx_word' id='word_1_130' title='bbox 944 3103 1046 3158; x_wconf 76' lang='lat' dir='ltr'><strong>dicuin]</strong></span> <span class='ocrx_word' id='word_1_131' title='bbox 1064 3103 1248 3158; x_wconf 79' lang='lat' dir='ltr'><strong>corradinum</strong></span> <span class='ocrx_word' id='word_1_132' title='bbox 1265 3107 1434 3172; x_wconf 82' lang='lat' dir='ltr'><strong>reputamus,</strong></span> <span class='ocrx_word' id='word_1_133' title='bbox 1447 3107 1484 3158; x_wconf 76' lang='lat' dir='ltr'><strong>et&#39;</strong></span> 
     </span>
     <span class='ocr_line' id='line_1_24' title="bbox 469 3187 1473 3259; baseline -0.002 -17"><span class='ocrx_word' id='word_1_134' title='bbox 469 3203 474 3212; x_wconf 65' lang='lat'><em>⁴</em></span> <span class='ocrx_word' id='word_1_135' title='bbox 495 3201 512 3235; x_wconf 71' lang='grc' dir='ltr'><strong>υ·</strong></span> <span class='ocrx_word' id='word_1_136' title='bbox 527 3189 604 3259; x_wconf 92' lang='lat' dir='ltr'><strong>quod</strong></span> <span class='ocrx_word' id='word_1_137' title='bbox 629 3203 685 3243; x_wconf 90' lang='lat' dir='ltr'><strong>non</strong></span> <span class='ocrx_word' id='word_1_138' title='bbox 711 3191 805 3258; x_wconf 79' lang='lat' dir='ltr'><strong>posset</strong></span> <span class='ocrx_word' id='word_1_139' title='bbox 821 3203 874 3256; x_wconf 74' lang='lat' dir='ltr'><strong>per</strong></span> <span class='ocrx_word' id='word_1_140' title='bbox 890 3187 994 3242; x_wconf 85' lang='lat' dir='ltr'><strong>dietum</strong></span> <span class='ocrx_word' id='word_1_141' title='bbox 1020 3187 1142 3242; x_wconf 85' lang='lat' dir='ltr'><strong>iudicem</strong></span> <span class='ocrx_word' id='word_1_142' title='bbox 1163 3190 1310 3244; x_wconf 75' lang='lat' dir='ltr'><strong>stramem</strong></span> <span class='ocrx_word' id='word_1_143' title='bbox 1330 3187 1473 3254; x_wconf 60' lang='lat' dir='ltr'><strong>‘exerceri</strong></span> 
     </span>
     <span class='ocr_line' id='line_1_25' title="bbox 496 3271 1473 3344; baseline 0 -18"><span class='ocrx_word' id='word_1_144' title='bbox 496 3272 680 3327; x_wconf 63' lang='lat' dir='ltr'><strong>rescandum</strong></span> <span class='ocrx_word' id='word_1_145' title='bbox 698 3273 774 3344; x_wconf 90' lang='lat' dir='ltr'><strong>quod</strong></span> <span class='ocrx_word' id='word_1_146' title='bbox 790 3273 876 3342; x_wconf 68' lang='lat' dir='ltr'><strong>tangit</strong></span> <span class='ocrx_word' id='word_1_147' title='bbox 890 3272 979 3344; x_wconf 76' lang='lat' dir='ltr'><strong>ipsius</strong></span> <span class='ocrx_word' id='word_1_148' title='bbox 989 3271 1077 3327; x_wconf 80' lang='lat' dir='ltr'><strong>offleii</strong></span> <span class='ocrx_word' id='word_1_149' title='bbox 1095 3272 1257 3341; x_wconf 77' lang='lat' dir='ltr'><strong>magnitudo</strong></span> <span class='ocrx_word' id='word_1_150' title='bbox 1275 3276 1473 3327; x_wconf 84' lang='lat' dir='ltr'><strong>....Preterea</strong></span> 
     </span>
     <span class='ocr_line' id='line_1_26' title="bbox 497 3353 1473 3428; baseline 0.001 -19"><span class='ocrx_word' id='word_1_151' title='bbox 497 3379 510 3408; x_wconf 73' lang='grc' dir='ltr'><strong>ι</strong></span> <span class='ocrx_word' id='word_1_152' title='bbox 529 3353 704 3412; x_wconf 75' lang='lat' dir='ltr'><strong>decernimus</strong></span> <span class='ocrx_word' id='word_1_153' title='bbox 717 3361 746 3413; x_wconf 85' lang='lat' dir='ltr'><strong>et</strong></span> <span class='ocrx_word' id='word_1_154' title='bbox 756 3358 930 3424; x_wconf 87' lang='lat' dir='ltr'><strong>mandamus,</strong></span> <span class='ocrx_word' id='word_1_155' title='bbox 942 3359 1016 3428; x_wconf 88' lang='lat' dir='ltr'><strong>quod</strong></span> <span class='ocrx_word' id='word_1_156' title='bbox 1028 3357 1290 3424; x_wconf 80' lang='lat' dir='ltr'><strong>condemnationes,</strong></span> <span class='ocrx_word' id='word_1_157' title='bbox 1302 3373 1372 3428; x_wconf 85' lang='lat' dir='ltr'><strong>quas</strong></span> <span class='ocrx_word' id='word_1_158' title='bbox 1382 3357 1473 3411; x_wconf 88' lang='lat' dir='ltr'><strong>debite</strong></span> 
     </span>
     <span class='ocr_line' id='line_1_27' title="bbox 496 3440 1475 3514; baseline 0.002 -23"><span class='ocrx_word' id='word_1_159' title='bbox 496 3464 508 3491; x_wconf 69' lang='lat' dir='ltr'><strong>l</strong></span> <span class='ocrx_word' id='word_1_160' title='bbox 526 3443 635 3514; x_wconf 87' lang='lat' dir='ltr'><strong>riteque</strong></span> <span class='ocrx_word' id='word_1_161' title='bbox 651 3441 736 3497; x_wconf 76' lang='lat' dir='ltr'><strong>saciet</strong></span> <span class='ocrx_word' id='word_1_162' title='bbox 752 3441 904 3497; x_wconf 78' lang='lat' dir='ltr'><strong>secundum</strong></span> <span class='ocrx_word' id='word_1_163' title='bbox 922 3442 989 3498; x_wconf 88' lang='lat' dir='ltr'><strong>dieti</strong></span> <span class='ocrx_word' id='word_1_164' title='bbox 1006 3441 1089 3498; x_wconf 86' lang='lat' dir='ltr'><strong>officii</strong></span> <span class='ocrx_word' id='word_1_165' title='bbox 1106 3441 1284 3510; x_wconf 76' lang='lat' dir='ltr'><strong>exigentiam,</strong></span> <span class='ocrx_word' id='word_1_166' title='bbox 1299 3457 1354 3496; x_wconf 87' lang='lat' dir='ltr'><strong>non</strong></span> <span class='ocrx_word' id='word_1_167' title='bbox 1370 3440 1475 3512; x_wconf 87' lang='lat' dir='ltr'><strong>possint</strong></span> 
     </span>
     <span class='ocr_line' id='line_1_28' title="bbox 497 3523 1475 3598; baseline -0.003 -17"><span class='ocrx_word' id='word_1_168' title='bbox 497 3549 510 3575; x_wconf 76' lang='grc' dir='ltr'><strong>ι»</strong></span> <span class='ocrx_word' id='word_1_169' title='bbox 529 3528 564 3582; x_wconf 86' lang='lat' dir='ltr'><strong>de</strong></span> <span class='ocrx_word' id='word_1_170' title='bbox 581 3523 709 3582; x_wconf 84' lang='lat' dir='ltr'><strong>nullitate</strong></span> <span class='ocrx_word' id='word_1_171' title='bbox 729 3527 878 3596; x_wconf 79' lang='lat' dir='ltr'><strong>redargui,</strong></span> <span class='ocrx_word' id='word_1_172' title='bbox 896 3527 999 3583; x_wconf 81' lang='lat' dir='ltr'><strong>imitari</strong></span> <span class='ocrx_word' id='word_1_173' title='bbox 1020 3543 1074 3582; x_wconf 87' lang='lat' dir='ltr'><strong>nee</strong></span> <span class='ocrx_word' id='word_1_174' title='bbox 1091 3527 1248 3598; x_wconf 86' lang='lat' dir='ltr'><strong>aliqualiter</strong></span> <span class='ocrx_word' id='word_1_175' title='bbox 1267 3526 1424 3596; x_wconf 70' lang='lat' dir='ltr'><strong>impugnari</strong></span> <span class='ocrx_word' id='word_1_176' title='bbox 1438 3541 1475 3579; x_wconf 88' lang='lat' dir='ltr'><strong>eo</strong></span> 
     </span>
     <span class='ocr_line' id='line_1_29' title="bbox 494 3608 1475 3686; baseline -0.001 -20"><span class='ocrx_word' id='word_1_177' title='bbox 494 3608 508 3659; x_wconf 71' lang='lat' dir='ltr'><strong>i</strong></span> <span class='ocrx_word' id='word_1_178' title='bbox 527 3614 668 3681; x_wconf 86' lang='lat' dir='ltr'><strong>pretextu,</strong></span> <span class='ocrx_word' id='word_1_179' title='bbox 682 3615 759 3686; x_wconf 75' lang='lat' dir='ltr'><strong>quoii</strong></span> <span class='ocrx_word' id='word_1_180' title='bbox 769 3613 829 3682; x_wconf 85' lang='lat' dir='ltr'><strong>ipse</strong></span> <span class='ocrx_word' id='word_1_181' title='bbox 842 3613 1013 3668; x_wconf 83' lang='lat' dir='ltr'><strong>Conradinus</strong></span> <span class='ocrx_word' id='word_1_182' title='bbox 1025 3613 1148 3668; x_wconf 84' lang='lat' dir='ltr'><strong>officium</strong></span> <span class='ocrx_word' id='word_1_183' title='bbox 1163 3612 1323 3666; x_wconf 84' lang='lat' dir='ltr'><strong>exercuerit</strong></span> <span class='ocrx_word' id='word_1_184' title='bbox 1334 3626 1398 3666; x_wconf 85' lang='lat' dir='ltr'><strong>eum</strong></span> <span class='ocrx_word' id='word_1_185' title='bbox 1413 3625 1475 3680; x_wconf 82' lang='lat' dir='ltr'><strong>pre·</strong></span> 
     </span>
     <span class='ocr_line' id='line_1_30' title="bbox 499 3697 1475 3769; baseline -0.002 -19"><span class='ocrx_word' id='word_1_186' title='bbox 499 3717 511 3745; x_wconf 71' lang='lat' dir='ltr'><strong>a</strong></span> <span class='ocrx_word' id='word_1_187' title='bbox 531 3711 642 3752; x_wconf 82' lang='lat' dir='ltr'><strong>cessere</strong></span> <span class='ocrx_word' id='word_1_188' title='bbox 660 3699 796 3769; x_wconf 86' lang='lat' dir='ltr'><strong>presentis</strong></span> <span class='ocrx_word' id='word_1_189' title='bbox 808 3699 951 3768; x_wconf 86' lang='lat' dir='ltr'><strong>potestatis</strong></span> <span class='ocrx_word' id='word_1_190' title='bbox 963 3697 1122 3764; x_wconf 83' lang='lat' dir='ltr'><strong>Mediolani,</strong></span> <span class='ocrx_word' id='word_1_191' title='bbox 1132 3698 1329 3769; x_wconf 86' lang='lat' dir='ltr'><strong>quodcumque</strong></span> <span class='ocrx_word' id='word_1_192' title='bbox 1346 3697 1475 3750; x_wconf 86' lang='lat' dir='ltr'><strong>statutum</strong></span> 
     </span>
     <span class='ocr_line' id='line_1_31' title="bbox 482 3780 1330 3837; baseline -0.001 -2"><span class='ocrx_word' id='word_1_193' title='bbox 482 3797 510 3830; x_wconf 67' lang='lat' dir='ltr'><strong>a</strong></span> <span class='ocrx_word' id='word_1_194' title='bbox 529 3780 604 3837; x_wconf 87' lang='lat' dir='ltr'><strong>dicta</strong></span> <span class='ocrx_word' id='word_1_195' title='bbox 621 3797 707 3837; x_wconf 87' lang='lat' dir='ltr'><strong>eausa</strong></span> <span class='ocrx_word' id='word_1_196' title='bbox 724 3782 766 3837; x_wconf 85' lang='lat' dir='ltr'><strong>his</strong></span> <span class='ocrx_word' id='word_1_197' title='bbox 783 3784 952 3837; x_wconf 88' lang='lat' dir='ltr'><strong>eontrarium</strong></span> <span class='ocrx_word' id='word_1_198' title='bbox 969 3783 1086 3837; x_wconf 87' lang='lat' dir='ltr'><strong>innuere</strong></span> <span class='ocrx_word' id='word_1_199' title='bbox 1104 3781 1230 3837; x_wconf 84' lang='lat' dir='ltr'><strong>videatur</strong></span> <span class='ocrx_word' id='word_1_200' title='bbox 1247 3784 1300 3834; x_wconf 85' lang='lat' dir='ltr'><strong>ete.</strong></span> <span class='ocrx_word' id='word_1_201' title='bbox 1319 3803 1330 3827; x_wconf 67' lang='grc' dir='ltr'><strong><em>ο</em></strong></span> 
     </span>
     <span class='ocr_line' id='line_1_32' title="bbox 705 3865 1372 3937; baseline -0.006 -16"><span class='ocrx_word' id='word_1_202' title='bbox 705 3881 710 3891; x_wconf 55' lang='grc'><strong>·’</strong></span> <span class='ocrx_word' id='word_1_203' title='bbox 816 3869 874 3935; x_wconf 78' lang='lat' dir='ltr'><strong>(Ea</strong></span> <span class='ocrx_word' id='word_1_204' title='bbox 893 3868 957 3922; x_wconf 70' lang='lat' dir='ltr'><strong>cte.</strong></span> <span class='ocrx_word' id='word_1_205' title='bbox 976 3883 1024 3922; x_wconf 82' lang='lat' dir='ltr'><strong>ms.</strong></span> <span class='ocrx_word' id='word_1_206' title='bbox 1043 3867 1185 3937; x_wconf 66' lang='lat' dir='ltr'><strong>Fuerunt,</strong></span> <span class='ocrx_word' id='word_1_207' title='bbox 1199 3882 1229 3936; x_wconf 79' lang='lat' dir='ltr'><strong>p.</strong></span> <span class='ocrx_word' id='word_1_208' title='bbox 1249 3865 1292 3932; x_wconf 78' lang='lat' dir='ltr'><strong>m,</strong></span> <span class='ocrx_word' id='word_1_209' title='bbox 1309 3866 1372 3932; x_wconf 67' lang='lat' dir='ltr'><strong>ua).</strong></span> 
     </span>
     <span class='ocr_line' id='line_1_33' title="bbox 418 3949 1474 4024; baseline -0.003 -22"><span class='ocrx_word' id='word_1_210' title='bbox 418 3960 436 4002; x_wconf 78' lang='lat' dir='ltr'><strong>a</strong></span> <span class='ocrx_word' id='word_1_211' title='bbox 462 3951 541 4006; x_wconf 83' lang='lat' dir='ltr'><strong>Mitto</strong></span> <span class='ocrx_word' id='word_1_212' title='bbox 559 3950 609 4005; x_wconf 85' lang='lat' dir='ltr'><strong>has</strong></span> <span class='ocrx_word' id='word_1_213' title='bbox 626 3950 732 4007; x_wconf 84' lang='lat' dir='ltr'><strong>litteras</strong></span> <span class='ocrx_word' id='word_1_214' title='bbox 758 3952 931 4019; x_wconf 75' lang='lat' dir='ltr'><strong>exsonbere,</strong></span> <span class='ocrx_word' id='word_1_215' title='bbox 949 3951 1055 4024; x_wconf 83' lang='lat' dir='ltr'><strong>quippe</strong></span> <span class='ocrx_word' id='word_1_216' title='bbox 1071 3951 1127 4006; x_wconf 87' lang='lat' dir='ltr'><strong>iam</strong></span> <span class='ocrx_word' id='word_1_217' title='bbox 1149 3951 1179 4005; x_wconf 92' lang='lat' dir='ltr'><strong>in</strong></span> <span class='ocrx_word' id='word_1_218' title='bbox 1203 3949 1325 4005; x_wconf 85' lang='lat' dir='ltr'><strong>Bullario</strong></span> <span class='ocrx_word' id='word_1_219' title='bbox 1348 3953 1474 4004; x_wconf 78' lang='lat' dir='ltr'><strong>Romano</strong></span> 
     </span>
     <span class='ocr_line' id='line_1_34' title="bbox 491 4029 1474 4104; baseline -0.005 -15"><span class='ocrx_word' id='word_1_220' title='bbox 491 4035 767 4104; x_wconf 62' lang='lat' dir='ltr'><strong>adiumentum</strong></span> <span class='ocrx_word' id='word_1_221' title='bbox 793 4035 927 4090; x_wconf 82' lang='lat' dir='ltr'><strong>Fiiden&#39;ei</strong></span> <span class='ocrx_word' id='word_1_222' title='bbox 952 4041 976 4090; x_wconf 94' lang='grc'><strong>11</strong></span> <span class='ocrx_word' id='word_1_223' title='bbox 1002 4036 1069 4104; x_wconf 85' lang='lat' dir='ltr'><strong>imp.</strong></span> <span class='ocrx_word' id='word_1_224' title='bbox 1095 4034 1341 4090; x_wconf 83' lang='lat' dir='ltr'><strong>constitutionibus</strong></span> <span class='ocrx_word' id='word_1_225' title='bbox 1365 4033 1394 4089; x_wconf 88' lang='lat' dir='ltr'><strong>iu</strong></span> <span class='ocrx_word' id='word_1_226' title='bbox 1422 4029 1474 4086; x_wconf 88' lang='lat' dir='ltr'><strong>illis</strong></span> 
     </span>
     <span class='ocr_line' id='line_1_35' title="bbox 490 4119 1262 4188; baseline 0.001 -14"><span class='ocrx_word' id='word_1_227' title='bbox 490 4119 602 4174; x_wconf 74' lang='lat' dir='ltr'><strong>insonis</strong></span> <span class='ocrx_word' id='word_1_228' title='bbox 619 4120 754 4187; x_wconf 78' lang='lat' dir='ltr'><strong>(citum.</strong></span> <span class='ocrx_word' id='word_1_229' title='bbox 773 4123 826 4186; x_wconf 89' lang='grc'>111,</span> <span class='ocrx_word' id='word_1_230' title='bbox 845 4121 894 4174; x_wconf 75' lang='lat' dir='ltr'><strong>tid.</strong></span> <span class='ocrx_word' id='word_1_231' title='bbox 913 4126 991 4175; x_wconf 80' lang='lat' dir='ltr'><strong>itam.</strong></span> <span class='ocrx_word' id='word_1_232' title='bbox 1010 4129 1127 4176; x_wconf 75' lang='lat' dir='ltr'><strong>uocem</strong></span> <span class='ocrx_word' id='word_1_233' title='bbox 1135 4121 1154 4188; x_wconf 72' lang='grc'><strong>1.</strong></span> <span class='ocrx_word' id='word_1_234' title='bbox 1230 4158 1234 4170; x_wconf 87' lang='grc'>.</span> <span class='ocrx_word' id='word_1_235' title='bbox 1258 4141 1262 4150; x_wconf 89' lang='lat'>·</span> 
     </span>
    </p>
   </div>
   <div class='ocr_carea' id='block_1_3' title="bbox 0 0 1674 5042">
    <p class='ocr_par' dir='ltr' id='par_1_8' title="bbox 0 0 1674 5042">
     <span class='ocr_line' id='line_1_36' title="bbox 0 0 1674 5042; baseline 0 1"><span class='ocrx_word' id='word_1_236' title='bbox 0 0 1674 5042; x_wconf 95' lang='lat' dir='ltr'><strong> </strong></span> 
     </span>
    </p>
   </div>
  </div>
 </body>
</html>
