3386 5122
250 465 320 541 que
346 441 421 515 dies
448 441 553 515 datus
581 441 869 535 lueritlibellus,
887 442 944 514 vel
964 441 1311 524 semisomnis:

247 563 411 659 aprisitio,
429 574 467 634 et
484 562 616 662 aliquis
633 561 691 635 ¹vel
704 561 816 659 aliqui
834 561 1015 654 adessent,
1027 563 1084 633 cui
1100 562 1159 636 vel
1177 563 1311 662 quibus

248 687 322 752 non
346 695 445 753 esset
468 681 572 753 dature
598 679 742 754 libellus
759 703 828 752 nec
844 678 996 752 formata
1013 679 1310 779 inquisitio-inira

248 799 341 872 alins
357 800 519 896 quinque
536 798 635 890 dies,
652 800 794 898 possint
809 798 871 870 ille
886 809 924 872 et
939 797 1010 892 illi,
1028 801 1088 871 cui
1104 797 1159 872 vel
1178 797 1311 897 quibus

248 941 323 989 non
354 929 452 992 esset
484 916 592 988 datus
628 916 785 1008 libellus,
810 916 866 989 vel
893 941 968 988 non
993 931 1092 990 esset
1123 918 1310 1015 inquisitio

249 1035 402 1108 formata
408 1090 419 1127 ,
435 1049 478 1106 ut
493 1059 623 1134 supra,
640 1034 762 1108 similli
780 1036 891 1109 modo
908 1036 954 1107 ad
970 1037 1119 1136 propria
1140 1061 1310 1108 remeare.

298 1151 474 1226 XXXIX.
511 1153 621 1251 Quod
641 1179 755 1226 nouus
776 1169 939 1254 potestas
965 1169 1127 1227 teneatur
1160 1159 1312 1251 exigere
1338 1245 1342 1252 ⁵

248 1270 716 1373 condempnationessaotas
722 1297 795 1372 per
810 1272 1063 1371 syndieatores
1077 1272 1122 1368 de
1132 1277 1312 1375 potestate

242 1393 420 1488 preterito
444 1404 480 1460 et
504 1393 583 1462 eius
596 1385 757 1489 semdae.

298 1506 421 1579 Novus
446 1520 607 1607 potestas
624 1521 789 1580 teneatur
806 1531 873 1609 pro
891 1533 1000 1610 posse
1021 1511 1163 1610 exigere
1180 1522 1217 1582 et
1233 1533 1312 1582 exe·

248 1627 386 1697 cutioni
412 1625 587 1698 mandare
612 1625 958 1725 condempnationes
984 1625 1095 1699 laetas
1113 1652 1180 1727 per
1205 1627 1313 1699 sindi-

248 1746 391 1816 catbres
416 1743 464 1814 de
488 1756 670 1842 potestate
695 1747 872 1843 preterito
897 1758 935 1817 et
961 1747 1037 1818 eius
1058 1743 1192 1816 familia
1217 1744 1313 1817 inira

249 1863 392 1934 tertiam
430 1860 528 1933 diem
563 1877 756 1962 postquam
782 1862 876 1935 lacte
908 1861 1064 1954 luerint,
1091 1861 1176 1934 subr
1194 1887 1312 1962 penna

248 1978 423 2050 librarum
450 1981 710 2079 quinquaginta
737 1979 962 2052 tertiolorum
989 1979 1037 2052 de
1062 2001 1129 2050 suo
1155 1978 1312 2074 sallario,

248 2113 285 2168 et
310 2099 409 2198 quod
429 2121 507 2170 non
540 2100 652 2198 possit
677 2097 868 2170 reformari
893 2100 931 2170 in
956 2099 1192 2192 contrarium3
1206 2097 1257 2171 ¹et
1282 2102 1312 2169 si

251 2215 375 2308 fieret,
400 2241 474 2288 non
498 2217 626 2288 valeat.

263 2333 379 2405 XL.
408 2333 519 2430 Quod
535 2337 697 2435 potestas
722 2349 882 2437 tearpore
903 2334 1100 2408 sindieatus
1117 2349 1184 2407 stet
1200 2349 1311 2407 extra
1436 2381 1453 2400 ,ἤ
1554 2359 1557 2364 ·

243 2451 372 2526 domos
396 2457 605 2524 eommunis.

297 2571 464 2656 Potestas
488 2586 527 2644 et
551 2574 628 2644 eius
654 2573 791 2644 iudices
818 2585 856 2644 et
880 2573 1012 2644 notarii
1038 2585 1076 2645 et
1100 2595 1229 2644 omnes
1253 2572 1313 2643 alii

249 2687 434 2783 officiales,
448 2688 551 2773 linito
568 2687 700 2782 offitio,
711 2697 898 2764 teneantur
911 2704 947 2763 et
958 2691 1114 2763 debeant
1126 2687 1313 2763 discedere

248 2807 295 2882 de
320 2807 489 2881 domibus
520 2810 722 2882 communis
748 2809 969 2901 Mediolani,
997 2823 1035 2882 et
1060 2822 1157 2881 extra
1184 2810 1313 2881 domos

250 2929 455 2998 eommunis
484 2924 684 3002 Mediolani
715 2941 811 3000 stare
844 2951 911 3026 per
942 2940 1061 3000 totum
1087 2941 1232 3026 tempus
1258 2929 1314 3001 sui

250 3046 463 3134 sindieatus;
490 3058 528 3117 et
552 3045 651 3142 quod
677 3045 833 3118 durante
859 3059 1023 3146 tempore
1050 3041 1177 3118 eorum
1203 3046 1314 3117 sindi-

250 3175 363 3255 catus‚
380 3187 454 3234 non
473 3165 616 3263 possint
641 3163 791 3263 aliquod
810 3161 964 3252 offitium
984 3189 1156 3238 exercere
1172 3166 1210 3235 in
1229 3165 1315 3234 eivi-

250 3294 324 3354 tate
349 3281 407 3356 vel
433 3284 606 3355 comitatu
631 3281 840 3356 Mediolani.

253 3431 254 3438 ¹
290 3399 393 3470 XLI.
422 3400 477 3471 De
500 3399 732 3474 satisdatione
754 3397 949 3500 prestanda
971 3429 1043 3501 per
1061 3414 1287 3502 potestatem.

297 3519 466 3592 Potestas
499 3544 653 3620 presens
679 3522 805 3619 etqui
830 3543 899 3620 pro
934 3521 1160 3620 temporibus
1185 3518 1316 3610 fuerit,

248 3649 415 3709 teneatur
441 3651 478 3709 et
502 3637 636 3711 debeat
662 3639 839 3712 satisdare
865 3624 933 3738 pro
960 3665 1000 3712 se
1026 3652 1062 3711 et
1088 3640 1165 3714 eius
1183 3635 1316 3709 familia

248 3755 285 3826 in
310 3753 477 3828 manibus
509 3755 744 3828 dominorum
774 3783 836 3829 sex
861 3756 921 3828 vel
947 3781 1072 3829 eorum
1099 3753 1316 3846 offitialium,

194 3963 196 3966 Ι
248 3895 316 3970 per
339 3872 433 3945 duos
458 3899 603 3947 menses
619 3890 706 3948 ante·
723 3878 859 3948 exitum
886 3878 941 3947 sui
959 3877 1157 3974 regiminis,
1176 3871 1214 3946 in
1232 3899 1317 3948 eon·

251 3990 334 4062 silio
352 3995 491 4091 mayori
509 3996 712 4065 communis
733 3991 932 4065 Mediolani
947 4019 1030 4066 cum
1049 3993 1156 4066 bonis
1173 3992 1316 4066 fideius-

250 4109 408 4212 soribus,
427 4109 473 4180 de
493 4111 622 4184 stando
641 4111 687 4183 ad
704 4111 919 4184 sindicatum
943 4109 1050 4186 linito
1078 4125 1241 4210 tempore
1261 4112 1316 4184 sui
