3338 5042
421 252 493 322 tas

416 369 581 438 mittatur
605 388 699 444 unus
732 388 777 434 ex
803 364 951 434 notariis
981 361 1178 444 forestariis
1204 364 1457 439 malelitiornm
1468 422 1483 458 ,

417 487 480 582 qui
505 507 549 556 ea
572 479 756 554 describat
789 482 867 552 sine
894 481 1017 581 aliquo
1042 485 1182 580 pretio,
1208 497 1246 553 et
1270 482 1359 555 illud
1384 467 1484 558 idem

416 613 580 674 teneatur
605 602 747 672 mittere
764 598 810 669 ad
828 599 1081 697 inquirendum
1100 599 1260 698 qualibet
1278 601 1485 675 ebdomada

415 719 580 792 dominus
606 731 819 818 engravator
837 719 999 789 comunis
1017 718 1226 812 Mediolani,
1253 720 1311 792 vel
1329 721 1418 792 alius
1435 747 1484 794 cx

414 839 554 912 vicariis
582 836 719 909 demini
728 893 739 927 ‚
758 837 821 934 qui
837 861 903 935 per
920 849 1085 936 tempora
1111 850 1235 928 eruut,
1256 839 1304 910 ad
1322 865 1485 912 carceres

416 958 555 1038 domini
581 969 619 1028 et
643 957 739 1026 curie
766 967 803 1025 et
828 958 990 1026 comunis
1016 955 1222 1028 Mediolani.

420 1093 425 1158 ᾗ
467 1075 569 1146 Idem
597 1085 786 1145 tencantur
811 1071 926 1144 facere
942 1075 1064 1144 vicarii
1084 1076 1273 1146 comitatus
1301 1077 1336 1146 in
1363 1060 1483 1170 terris}-

410 1179 480 1268 'ubi
506 1205 679 1264 tenentur
704 1215 876 1262 carceres.
1464 1175 1483 1184 ⁵*

421 1353 426 1363 ›
467 1309 625 1382 CCVIII.
650 1309 707 1380 Dc
727 1335 822 1408 pena
848 1317 1081 1410 superstitum
1103 1334 1292 1382 carcerum
1325 1311 1483 1412 inferen-

406 1434 505 1514 tium
526 1432 738 1526 gravamina
763 1432 972 1502 carceratis.
1400 1508 1406 1518 .

448 1549 686 1648 2Superstites
714 1570 897 1620 carcerum
924 1573 990 1618 nec
1016 1546 1126 1646 aliqui
1150 1548 1209 1620 alii
1241 1564 1419 1638 morantes
1444 1553 1484 1623 in

416 1671 467 1743 eis
491 1666 700 1740 carceribus
734 1691 807 1738 non
842 1649 996 1741 inserant
1025 1691 1091 1747 uec
1126 1665 1246 1745 inferri
1272 1669 1487 1766 permittant

416 1781 619 1887 gravamina
628 1787 758 1864 iillicita
771 1786 950 1884 aliquibus
964 1791 1169 1879 carceratis,
1183 1802 1323 1888 utputa
1341 1791 1483 1890 paleam

327 1996 329 2000 Ι
414 1906 662 1980 subtrahendo
687 1904 743 1978 vel
762 1903 976 2004 denegando
995 1906 1040 1977 ad
1057 1903 1324 1999 sufficientiam,
1341 1908 1482 1990 veleos

416 2029 453 2098 in
480 2051 570 2126 cepo
604 2024 782 2116 tenendo,
808 2027 878 2096 nisi
904 2024 998 2096 sorte
1024 2038 1147 2098 contra
1171 2051 1234 2100 eos
1266 2026 1484 2124 procedatur

417 2148 455 2214 in
481 2145 671 2242 sanguine3
703 2155 740 2214 et
778 2155 880 2219 tuuc·
898 2141 960 2216 siat
992 2157 1032 2214 ut
1061 2144 1115 2215 eis
1149 2145 1394 2243 precipiatur2
1415 2171 1487 2218 nec

418 2273 601 2364 apponant
614 2286 681 2333 nec
695 2263 905 2362 permittant
916 2263 1050 2360 apponi
1064 2261 1166 2334 alicui
1180 2263 1275 2334 ultra
1290 2289 1485 2364 unumpar

416 2381 627 2483 bogaruml
654 2382 728 2452 sive
760 2405 868 2452 uuam
899 2377 1030 2477 begam
1063 2380 1102 2450 in
1128 2380 1271 2455 duobus
1303 2381 1457 2481 pedibus
1469 2441 1481 2474 ,

416 2524 484 2572 nec
508 2498 670 2595 aliquem
697 2522 842 2598 gravare
859 2504 878 2546 ⁸
896 2497 1017 2596 aliquo
1036 2498 1181 2596 speciali
1207 2498 1308 2592 loce,
1326 2501 1415 2598 quin
1434 2487 1481 2575 de

415 2618 462 2690 de
488 2616 547 2688 die
571 2618 687 2714 possit
712 2619 765 2688 ire
787 2640 852 2713 per
870 2618 1006 2688 curiam
1024 2617 1196 2708 carceris3
1215 2642 1283 2689 nec
1301 2617 1482 2718 denegent

417 2735 522 2807 alicui
541 2748 724 2806 carcerato
736 2737 825 2832 quin
837 2736 957 2834 possit
972 2737 1136 2837 recipere
1149 2749 1187 2808 et
1199 2734 1334 2810 habere
1352 2749 1481 2836 potum

416 2869 453 2927 et
478 2853 618 2945 cibum,
632 2858 799 2929 etetiam
827 2857 864 2926 in
889 2839 1160 2928 necessitatibus
1182 2868 1223 2926 ut
1247 2855 1307 2928 alii
1332 2855 1482 2947 debent,

417 2973 484 3046 sub
506 2985 600 3071 pena
626 2971 773 3048 arbitrio
793 2974 930 3048 domini
946 2975 1133 3072 potestatis
1151 2986 1188 3046 et
1203 2973 1324 3073 vicarii
1341 2973 1481 3058 domini

416 3091 612 3165 Mediolani
625 3105 662 3164 et
675 3090 864 3164 cuiuslibet
877 3117 1015 3183 eorum,
1029 3093 1091 3190 qui
1103 3117 1169 3190 per
1183 3105 1345 3191 tempora
1362 3105 1480 3184 erunt,

417 3213 453 3281 in
480 3235 583 3283 avere
610 3224 646 3282 et
671 3235 841 3310 persona,
859 3211 915 3282 vel
934 3235 1038 3284 avere
1062 3210 1119 3283 val
1144 3235 1299 3311 persona-
1324 3223 1480 3303 tantum,

321 3377 324 3386 n
414 3332 579 3430 inspecta
605 3328 777 3428 qualitate
803 3332 940 3428 negotii
949 3357 957 3420 3
986 3343 1022 3404 et
1048 3329 1093 3402 de
1111 3330 1286 3430 predictis
1312 3313 1480 3402 omnibus

416 3562 434 3605 a
457 3559 532 3626 Bega
549 3557 577 3608 et
593 3553 673 3622 heia,
686 3568 773 3624 germ.
793 3553 857 3626 boec
874 3558 902 3609 et
919 3554 986 3622 tote,
1000 3553 1165 3626 intelligitur
1178 3568 1290 3623 compes
1301 3558 1350 3608 aut
1360 3557 1473 3624 torques¹

494 3637 650 3694 vinctorum
667 3639 756 3695 terrea
774 3642 822 3694 aut
839 3639 940 3708 lignea,
956 3639 999 3695 vet
1017 3640 1101 3695 etiam
1121 3645 1233 3709 catena,
1251 3654 1308 3713 qua
1324 3639 1411 3709 pedes
1427 3643 1479 3706 te·‚

493 3729 593 3780 nentur
609 3724 699 3795 ligati,
717 3724 764 3780 vel
788 3725 908 3792 forrum,
927 3739 982 3796 qua
999 3724 1066 3780 olim
1093 3725 1176 3780 ctiam
1201 3723 1310 3795 captiva
1334 3722 1473 3793 mancipia

447 3840 456 3876 ι,
493 3810 593 3866 strictis
609 3811 688 3867 celtis
705 3814 733 3865 et
750 3810 877 3884 manibus
895 3809 1054 3880 agebantur.
1080 3816 1121 3865 Ex
1138 3809 1266 3866 uocitati
1289 3822 1385 3864 rocem
1408 3807 1474 3864 teto

450 3961 454 3968 ,
492 3897 545 3966 pro'
560 3896 690 3950 carnifice
713 3911 761 3950 sen
788 3897 892 3951 tortere
919 3895 1059 3966 accepisse
1083 3895 1229 3966 videntur,
1255 3891 1422 3966 quippequi
1441 3892 1472 3950 iu

451 3984 453 3994 '
491 3981 567 4036 teies
585 3997 646 4036 reos
663 3981 748 4036 mittit
765 3995 797 4035 ac
816 3981 934 4036 coniicit.
1472 3975 1474 4000 ³

413 4071 434 4116 a
462 4087 473 4116 a.
494 4079 605 4134 gravem
628 4067 713 4133 u(1u'
725 4065 792 4148 flod.
812 4067 894 4132 eod).
