3338 5042
426 287 497 360 tte

419 405 466 476 ad
492 405 635 478 laudem
661 403 878 505 et'gloriam'
899 411 1158 510 omnipotentis
1177 411 1245 492 Dei
1270 430 1308 488 et
1331 415 1486 491 Domini

418 526 535 595 nostri
553 524 634 596 Iesu
651 523 797 616 Christi,
816 527 968 623 eiusque
985 525 1110 601 matris
1123 525 1384 631 gloriosissime
1400 537 1488 608 Vir-

419 643 512 738 ginis
538 643 666 734 Marie,
688 656 723 713 et
741 642 1036 716 beatissimorum
1062 645 1230 722 Iohannis
1251 649 1416 751 Baptisle
1443 668 1485 726 et

415 759 600 831 Ambrosii
616 757 833 830 confessoris
852 763 1036 862 totiusque
1054 766 1154 837 curie
1170 767 1380 860 celestis,-ac
1395 796 1483 869 pro-

416 901 564 976 sperum
590 891 627 948 et
658 875 799 950 felicem
832 891 964 950 statum
997 881 1148 954 dominii
1187 883 1285 956 dicte
1323 888 1481 960 civitatis

416 995 653 1094 omniumque
678 992 865 1066 bominum
883 993 1058 1090 civitatis,
1075 997 1337 1076 iurisdictionis
1362 1001 1401 1076 et
1424 1005 1480 1078 di-

413 1114 564 1184 strictus
580 1107 761 1204 eiusdem,
780 1111 949 1184 statuitur
965 1115 1065 1212 quod
1081 1115 1244 1216 prelatus
1266 1117 1480 1220 magnificus

413 1244 452 1303 et
474 1231 640 1302 excelsus
667 1228 837 1302 dominus
862 1231 957 1302 dom.
985 1231 1183 1326 Iohannes,
1213 1233 1312 1318 lilius
1336 1239 1479 1338 prefate

413 1347 510 1419 bone
524 1349 698 1420 memorie
715 1343 811 1419 dom.
827 1347 965 1420 Mathei
977 1349 1023 1422 de
1036 1351 1334 1447 vicecomitibus,
1344 1370 1381 1428 et
1391 1372 1477 1454 post

411 1468 489 1537 eins
506 1465 604 1540 dom.
623 1464 796 1538 Iohannis
812 1465 1017 1559 decessum,
1027 1489 1072 1540 eo
1087 1470 1199 1540 modo
1214 1471 1369 1570 quilibet
1379 1473 1475 1545 alius

411 1584 592 1656 masculus
618 1584 844 1656 descendens
870 1609 936 1684 per
962 1583 1095 1657 lineam
1121 1589 1357 1660 masculinam
1376 1605 1413 1662 et
1430 1605 1475 1664 ei

410 1701 570 1802 legitimo
596 1702 826 1776 matrimonio
852 1725 897 1774 ex
921 1702 1063 1802 prefato
1090 1725 1124 1802 q,
1143 1706 1240 1776 dom.
1258 1705 1408 1782 Matheo
1426 1711 1474 1782 de

410 1811 694 1892 vicecomitibus
711 1822 759 1890 sit
775 1833 813 1892 et
830 1821 902 1891 sint
918 1834 1097 1919 perpetuo
1115 1845 1220 1894 verus
1235 1824 1486 1925 <illegitimus

406 1951 447 2010 et
473 1939 647 2009 naturalis
664 1938 857 2029 dominus,
877 1951 913 2010 et
929 1940 1002 2009 veri
1021 1949 1059 2012 et
1071 1937 1222 2036 legitimi
1239 1955 1276 2028 et
1292 1941 1473 2016 naturales
1516 1965 1520 1972 ·

407 2055 548 2128 domini
573 2056 728 2127 civitatis
742 2068 781 2128 et
798 2055 908 2128 totius
925 2053 1129 2149 districtus,
1147 2057 1303 2130 diocesis
1316 2074 1355 2132 et
1368 2063 1472 2134 imis-

406 2174 579 2246 dictionis
608 2173 830 2265 Mediolani,
854 2186 892 2244 et
916 2169 1044 2245 habeat
1076 2188 1114 2246 et
1138 2175 1293 2249 habeant
1324 2203 1469 2250 omnem

408 2291 693 2365 iurisdictionem
707 2315 886 2390 omneque
903 2313 1044 2363 merum
1059 2305 1098 2364 et
1110 2296 1255 2365 mistum
1269 2295 1471 2395 imperium,

408 2411 559 2509 bayliam
568 2470 579 2503 ,
597 2423 817 2511 potestatem
834 2422 872 2480 et
889 2411 1147 2481 auctoritatem·
1161 2413 1199 2480 in
1216 2415 1323 2483 tertis
1340 2413 1380 2484 et'
1394 2439 1473 2514 pen-

408 2532 506 2600 sonis
533 2519 688 2600 civitatis
708 2542 744 2600 et
761 2528 967 2618 districtus,
986 2524 1138 2600 diocesis
1155 2540 1194 2598 et
1210 2527 1470 2603 iurisdictionis

406 2635 624 2740 Mediolani,
650 2659 689 2719 et
713 2649 867 2718 maxime
890 2668 1040 2747 puram,
1066 2647 1241 2738 liberam,
1267 2671 1403 2720 meram
1429 2653 1469 2722 et

405 2766 604 2866 'plenariam
631 2763 849 2866 potestatem
875 2764 1079 2856 statuendi,
1106 2762 1313 2854 ordinandi,
1345 2769 1468 2838 corri-

406 2881 528 2984 gendi,
545 2883 725 2977 mutandi,
742 2882 1022 2984 interpretandi,
1044 2879 1211 2975 addendi,
1230 2882 1469 2975 diminuendi,

401 2989 620 3102 supplendi,
648 3002 815 3073 cassandi
844 3013 882 3072 et
904 2999 1101 3072 revocandi
1135 3021 1363 3099 quecumque
1397 3000 1468 3072 alia

403 3118 658 3190 ordinamenta
692 3118 779 3190 dicti
812 3118 977 3190 mmunis
1003 3115 1204 3192 Mediolani
1235 3115 1332 3189 facta
1357 3129 1394 3190 et
1419 3117 1467 3192 de

404 3247 525 3309 cetero
553 3235 733 3326 lacienda3
752 3249 920 3308 ettotam
939 3233 977 3307 id
1003 3234 1102 3333 quod
1120 3236 1199 3332 ipse
1215 3233 1316 3306 dom.
1334 3233 1467 3306 Iohan-

403 3376 470 3427 nes
488 3368 526 3427 et
543 3367 671 3454 postea
698 3354 758 3426 alii
784 3353 914 3454 prefati
932 3378 973 3426 eo
992 3352 1115 3444 modo,
1141 3364 1319 3450 utsupra,
1336 3349 1466 3424 fecerit

403 3487 441 3546 et
464 3473 620 3547 iecerint
651 3475 689 3544 in
714 3471 885 3572 predictis
911 3471 968 3544 vel
995 3469 1116 3568 aliquo
1149 3468 1399 3570 predictorum
1425 3477 1465 3540 et

358 3639 360 3644 -
401 3592 480 3663 aliis
502 3592 809 3690 quibuscumque,
836 3590 884 3660 sit
910 3603 1046 3680 ratum,
1071 3587 1233 3661 validum
1259 3599 1298 3658 et
1315 3586 1461 3658 firmum

400 3721 439 3780 et
455 3711 660 3784 executioni
677 3709 887 3798 mandetur3
914 3722 951 3780 et
967 3708 1037 3780 hoc
1057 3731 1130 3778 non
1153 3705 1322 3778 obstante
1339 3703 1463 3802 aliqua

400 3826 482 3928 lege
507 3827 564 3900 vel
589 3830 716 3926 quavis
743 3827 813 3898 alia
837 3816 1078 3927 dispositione
1104 3823 1203 3896 edita
1225 3821 1285 3896 vel
1307 3821 1462 3912 edenda,

398 3950 510 4031 etiam
537 3949 566 4018 si
591 3945 674 4018 talis
701 3943 813 4036 foret,
829 3945 877 4017 de
895 3969 968 4044 qua
989 3945 1233 4018 necessarium
1252 3952 1349 4013 esset
1365 3961 1464 4011 men·

390 4069 534 4138 ‚tionem
571 4063 690 4138 facere
727 4062 936 4167 specialem,
960 4085 1045 4135 cum
1078 4061 1145 4132 hae
1184 4058 1393 4132 conditione
1423 4070 1463 4129 et
