3386 5122
1225 459 1271 526 te

221 566 484 660 protectionem
511 559 653 634 domini
688 577 725 637 et
757 569 921 638 comunis
946 567 1159 659 Mediolani,
1184 583 1222 648 et
1247 575 1278 646 si

220 679 425 752 huiusmodi
464 701 656 781 opponens
692 681 802 754 fuerit
839 696 958 776 actor,
997 686 1195 786 repellatur
1232 689 1277 760 ab

220 799 377 895 agendo,
393 811 429 870 et
454 801 485 870 si
511 825 594 888 rcus
619 800 787 893 fuerit,a
812 801 1043 876 defendendo
1069 799 1276 906 repellatur.

217 919 270 988 Et
281 918 477 990 advocatus
495 917 652 1018 allegans
666 919 955 1019 condempnetur
966 923 1005 992 in
1019 922 1120 994 libris
1132 937 1277 997 eentum

219 1036 462 1126 tertiolorum,
485 1050 536 1110 et
568 1039 786 1135 procurator
818 1040 855 1111 in
885 1035 987 1110 libris
1017 1042 1277 1141 quinquaginta

220 1153 469 1243 tertiolorum,
488 1166 525 1225 et
542 1154 798 1226 nichilominus
817 1154 897 1226 talis
914 1158 1101 1256 oppositio
1118 1187 1181 1234 seu
1203 1161 1275 1234 ale-

217 1273 320 1370 gatio
335 1270 466 1344 nullius
478 1274 526 1342 sit
539 1274 730 1364 momenti,
748 1285 787 1343 et
798 1271 979 1349 iusdicens
998 1289 1035 1346 et
1052 1277 1276 1351 consiliarius

147 1456 149 1462 .
217 1413 282 1460 seu
307 1401 512 1488 assumptus
531 1388 725 1462 admittens
742 1390 850 1462 talem
870 1390 1109 1487 alegationem
1128 1389 1193 1468 ‘seu
1213 1423 1277 1496 op·
1365 1380 1368 1389 s

212 1505 441 1606 ,punitionem
472 1507 759 1606 condempnetur
783 1511 822 1578 in
847 1508 948 1580 libris
979 1509 1172 1585 ducentum
1201 1527 1274 1598 ter-

218 1625 401 1698 tiolorum.
798 1623 808 1640 ⁹

267 1741 329 1816 lV.
357 1742 511 1840 Quande
543 1747 730 1842 presentia
759 1757 895 1815 statera
933 1751 1109 1844 incipiant
1130 1749 1273 1827 ‚debere

215 1859 410 1936 observari.
1227 1953 1229 1956 ι

266 1949 453 2052 Praesentia
477 1992 609 2051 statuta
634 1991 685 2050 et.
698 1978 947 2052 ordinamenta
964 1982 1086 2077 quoad
1107 1984 1272 2060 ordinem

216 2096 428 2170 iuditiorum
453 2110 529 2167 tam
561 2096 720 2168 civilium
754 2121 863 2194 qaam
897 2097 1137 2184 criminalium
1164 2115 1202 2174 et
1227 2101 1273 2178 ad

215 2216 485 2315 solempnitates
510 2217 830 2288 instrumentorum
859 2215 980 2315 quoad
1014 2217 1182 2290 innovata
1207 2242 1273 2318 per

215 2336 396 2432 presentia
413 2345 546 2406 statuta
563 2332 683 2404 locum
694 2331 838 2429 babent
852 2331 1078 2412 solummodo
1093 2359 1114 2406 a
1127 2335 1271 2420 duobus

217 2451 402 2524 mensibus
428 2455 466 2525 in
493 2464 644 2524 antean
672 2448 1012 2550 diepublicationis
1046 2457 1273 2553 presentium

215 2569 568 2658 ordinamentorum3
595 2581 715 2642 cetera
745 2593 832 2640 vero
867 2568 1117 2644 ordinamenta
1153 2570 1272 2644 lecum
1324 2566 1327 2572 ’

214 2689 408 2762 habeanta
429 2689 488 2760 die
514 2686 767 2786 publicationis
793 2689 1014 2784 presentium
1041 2689 1271 2763 ordinamen-

216 2821 333 2878 torum
358 2809 395 2879 in
420 2811 536 2880 antea.
599 2872 602 2886 ,

265 2926 310 2996 V.
338 2925 447 3023 Quod
469 2923 618 2996 rubrica
643 2947 717 2996 non
742 2923 945 3023 disponant.

264 3044 421 3118 Rubriae
453 3042 542 3112 iuris
575 3042 692 3113 nostri
716 3041 941 3142 municipalis
967 3067 1040 3114 non
1067 3043 1268 3144 disponant.
1367 3131 1368 3136 ἵ
1456 3037 1461 3054 ’

208 3180 211 3188 ’
264 3163 324 3234 VI.
351 3160 462 3256 Quod
486 3164 570 3233 iura
600 3163 837 3260 municipalia
864 3174 1067 3253 torrenten,
1095 3175 1138 3233 ut
1161 3167 1269 3235 litera

213 3288 317 3358 iacet.

262 3396 345 3470 Iura
361 3409 485 3469 nostra
508 3396 740 3495 municipalia
764 3413 969 3488 serventur,
988 3413 1029 3472 ut
1045 3399 1151 3470 litera
1167 3399 1268 3470 iacet.
1385 3465 1387 3474 ,

264 3509 344 3595 VII.
371 3519 574 3594 &servatio
599 3529 784 3590 ceriarum
806 3516 1116 3588 certaretudinum.

198 3627 224 3664 ”
262 3635 551 3708 consuetudines
574 3635 741 3708 comunis
767 3632 966 3707 Mediolani
983 3637 1019 3704 in
1037 3635 1183 3734 scriptis
1208 3659 1267 3707 re-

211 3754 336 3844 dacto,
363 3754 483 3852 ponite
509 3751 578 3825 sub
603 3752 759 3824 rubricis
785 3752 832 3824 de
857 3753 1056 3824 bonoribus
1082 3766 1118 3825 et
1149 3749 1268 3824 distri-

211 3871 331 3955 ctibus
362 3885 400 3946 ct
433 3871 724 3963 conditionibus,
749 3869 796 3942 de
822 3869 971 3956 decimis
988 3885 1042 3968 ⁸ot
1072 3867 1117 3942 de
1150 3869 1268 3955 feudis

212 3989 259 4060 dc
283 4003 408 4060 cetero
438 3991 584 4088 vigeant
617 4002 655 4060 et
687 3986 820 4064 durent
843 4013 884 4058 ac
917 3987 1173 4083 observentur,
1199 3991 1269 4061 nisi
1319 4001 1321 4004 ’

212 4109 380 4207 quatinus
406 4112 629 4208 reperiretur
653 4109 690 4178 in
716 4109 954 4200 contrarium,
971 4106 1029 4180 vel
1046 4109 1151 4182 aliter
1175 4122 1268 4182 esset

212 4225 415 4325 specialiter
440 4229 627 4327 provisum
652 4249 716 4324 per
741 4226 796 4300 ius
821 4224 1265 4328 municipaletMediolani.
