3386 5122
395 320 416 390 ἓ

387 432 538 532 Pasolus
563 433 610 505 de
635 433 842 523 Pontirolo,
868 430 1067 504 Iohanotus
1097 431 1253 524 Fidelis,
1280 431 1446 506 Petrolus

389 551 436 625 de
462 551 635 643 Robiate,
659 550 866 623 Busnardus
893 549 940 622 de
964 550 1140 642 Masiate,
1159 553 1337 623 Ruminus
1362 553 1449 624 Por-

388 669 478 741 chus
495 683 533 742 et
548 669 706 741 Paxinus
720 669 765 742 de
780 667 998 741 Cixnusculo
1017 668 1064 740 de
1081 665 1236 741 dominis
1253 667 1447 742 duodecim

387 787 657 886 presidentibus
688 789 844 888 negotiis
879 790 1044 859 comunis
1073 787 1291 878 Mediolani3
1326 788 1451 890 ibique

387 906 572 1004 predictus
584 906 681 978 dom.
697 904 893 980 Nicholaus
907 906 1056 978 indicto
1071 904 1259 978 conscillio
1272 919 1312 979 et
1325 931 1449 978 coram

388 1021 493 1095 dictis
519 1023 767 1095 conscilliariis
793 1036 830 1095 et
856 1023 937 1094 aliis
962 1023 1146 1095 nobilibus
1163 1039 1198 1096 et
1213 1023 1450 1124 popularibus

389 1142 493 1212 ineo
520 1142 727 1213 constitutis
755 1143 947 1241 proposuit
965 1155 1001 1212 ct
1017 1143 1217 1240 proponit,
1244 1142 1343 1238 quod
1368 1165 1451 1213 cum

387 1271 522 1332 statuta
547 1256 642 1331 facta
660 1273 697 1332 et
714 1258 908 1358 compilata
927 1282 1022 1329 anno
1040 1283 1145 1330 curso
1168 1258 1358 1331 millesimo
1377 1273 1450 1330 tre-

388 1379 583 1448 centesimo
618 1377 896 1477 quadragesimo
929 1389 1059 1482 octavo
1092 1375 1213 1448 forent
1238 1380 1276 1449 iu
1301 1377 1450 1478 publico

390 1508 426 1567 et
452 1494 611 1594 generali
637 1495 820 1567 conscillio
846 1496 1010 1566 comunis
1036 1494 1231 1566 Mediolani
1257 1495 1452 1595 publicata,

391 1627 430 1684 et
454 1613 689 1713 postmodum
716 1639 759 1685 ex
786 1615 891 1685 certis
919 1614 1034 1684 causis
1060 1613 1139 1712 ipsa
1162 1627 1292 1684 statuta
1318 1611 1452 1685 suerint

391 1756 565 1829 suspensa
589 1730 636 1803 de
662 1730 833 1803 mandato
860 1730 1045 1828 quondam
1064 1731 1161 1803 bone
1180 1733 1356 1803 memorie
1383 1757 1454 1803 ma·

389 1847 514 1948 gnidci
527 1848 664 1921 domini
680 1848 778 1920 dom.
792 1849 950 1920 Luohini
963 1849 1200 1921 Vicecomitis
1215 1848 1302 1921 olim
1316 1849 1454 1921 domini

389 1966 604 2058 Mediolani,
632 1970 682 2040 ita
708 1966 808 2067 quod
834 1991 950 2064 usque
975 1993 1074 2038 nunc
1108 1969 1188 2066 ipsa
1224 1979 1356 2040 statuta
1381 1993 1453 2039 non

390 2097 476 2156 sunt
500 2097 659 2175 servata,
684 2099 722 2158 et
745 2087 905 2185 vigorem
931 2108 1006 2158 non
1031 2081 1237 2158 habuerunt
1262 2085 1455 2157 occaxione

391 2202 487 2274 dicte
506 2204 768 2302 suspensionis;
785 2216 822 2276 et
838 2204 944 2302 petiit
961 2227 981 2273 a
1000 2202 1106 2274 dictis
1124 2202 1372 2275 conscilliariis
1388 2202 1457 2276 sibi

391 2319 619 2392 conscillium
640 2317 823 2411 cohiberi,
842 2346 889 2391 au
909 2319 1004 2391 dicta
1026 2320 1215 2418 suspensio
1233 2322 1282 2392 sit
1301 2319 1459 2394 tollenda

390 2449 427 2509 et
446 2438 543 2510 dicta
565 2451 701 2511 statuta
718 2464 802 2510 cum
822 2437 1129 2530 correctionibus,
1149 2437 1459 2510 emendationibus

390 2568 429 2628 ct
446 2554 710 2628 adiectionibus
728 2579 839 2655 super
852 2556 902 2627 eis
916 2555 963 2631 ab
981 2551 1067 2628 inde
1085 2557 1178 2634 citra
1195 2553 1313 2646 factis,
1330 2570 1368 2630 et
1386 2581 1456 2653 que

393 2673 483 2746 fient
507 2673 592 2746 hinc
618 2675 665 2748 ad
683 2672 857 2761 kalendas
884 2675 972 2746 iunii
998 2676 1200 2774 proximas,
1217 2687 1326 2773 prout
1340 2675 1383 2754 ‚in
1405 2675 1458 2748 eis

391 2795 613 2892 reperiretur
627 2819 707 2868 csse
725 2809 952 2894 preceptum,
969 2795 1043 2864 sint
1059 2793 1105 2864 de
1122 2817 1217 2864 novo
1234 2791 1457 2892 publicanda

392 2924 431 2984 et
456 2911 654 3004 servanda,
680 2911 737 2984 vel
768 2911 874 2984 aliter
904 2911 961 2984 vel
988 2911 1088 2983 aliud
1115 2935 1160 2984 an
1187 2936 1250 3002 ne,
1276 2913 1328 2984 ita
1359 2911 1457 3007 quod

394 3031 473 3129 ipsa
496 3041 629 3102 statuta
648 3045 685 3102 et
702 3030 954 3104 ordinamenta
973 3055 1067 3102 nova
1085 3031 1230 3128 vigeant
1248 3028 1327 3099 solo
1349 3029 1458 3105 modo

392 3173 414 3218 a
431 3144 594 3218 kalendis
617 3148 706 3220 iunii
730 3151 893 3248 proxime
919 3146 1048 3226 futuris
1073 3149 1112 3220 in
1137 3161 1245 3218 antea
1270 3143 1458 3232 incluxive;

393 3279 515 3338 cetera
531 3289 621 3336 vero
639 3291 712 3364 que
729 3291 828 3339 nunc
845 3266 979 3366 vigent,
992 3269 1136 3364 vigeant
1148 3263 1281 3336 amodo
1300 3267 1337 3336 in
1355 3276 1459 3336 antea

394 3373 511 3483 usque
538 3384 583 3456 ad
610 3383 727 3456 dictas
753 3381 929 3458 kalendas
957 3384 1151 3457 exclusive.

424 3505 622 3575 ‘Dominus
650 3502 876 3574 Conradinus
901 3503 947 3575 de
972 3502 1192 3599 Bernadigio
1218 3500 1460 3601 iurisperitus,

393 3648 488 3694 unus
503 3623 549 3695 de
563 3620 827 3713 conscilliariis,
837 3624 994 3696 surrexit
1011 3634 1048 3694 et
1066 3618 1260 3709 consuluit,
1278 3617 1377 3715 quod
1399 3643 1460 3690 au-

392 3741 558 3812 ctoritate
577 3741 755 3840 presentis
773 3739 948 3812 conscillii
966 3739 1155 3839 suspensio
1173 3736 1268 3808 facta
1286 3735 1332 3807 de
1350 3735 1460 3808 dictis

393 3857 535 3932 statutis
555 3859 722 3931 mandato
740 3859 826 3932 dicti
846 3857 1031 3956 quondam
1052 3857 1148 3929 dom.
1163 3853 1346 3954 magnifici
1362 3852 1460 3934 dom.
1516 3905 1519 3914 ,

393 3976 546 4050 buchini
562 3977 792 4049 vicecomitis
812 3978 959 4048 omnino
978 3975 1125 4048 tollatur
1142 3989 1179 4046 et
1196 3972 1407 4062 abolleatur,
1424 3983 1463 4054 et

393 4095 493 4191 quod
514 4094 610 4168 dicta
630 4107 761 4167 statuta
778 4092 872 4165 sactu
890 4107 928 4167 et
945 4093 1139 4193 compilata
1157 4092 1253 4164 dicto
1273 4115 1368 4162 anno
1386 4088 1464 4160 mil·
