3416 5054
395 271 442 342 86

395 411 520 460 eorum
547 386 594 457 ad
620 385 708 477 hoe,
736 411 781 458 ne
807 388 876 484 ipsi
903 388 1077 460 canevarii
1104 387 1265 465 scribant
1289 379 1335 460 ad
1355 385 1451 487 eapi-

393 502 469 576 tula
487 527 612 575 eorum
631 506 668 574 in
686 496 785 575 libro
799 528 1055 604 expensarum,
1072 517 1108 576 et
1124 505 1224 602 quod
1241 505 1341 576 nulla
1358 508 1449 577 ratio

393 621 500 694 detur
525 619 631 692 alieni
655 619 809 718 persone
834 645 901 720 per
926 618 1111 720 predictos¹
1135 625 1363 713 canevarios3
1387 623 1450 720 qui

393 741 631 811 rationatores
665 751 870 830 mutentur,
897 737 1065 810 videlicet
1095 764 1188 811 uuus
1220 741 1258 811 in
1284 739 1355 810 sine
1388 765 1449 812 sex

393 859 598 946 mensium,
624 868 661 926 et
689 856 904 955 subrogetur
936 879 1003 955 per
1035 856 1221 928 dominum
1254 857 1449 929 Mediolani

393 973 483 1044 alius
515 974 736 1064 rationator,
767 973 866 1044 etin
894 971 964 1044 fine
996 973 1148 1044 aliorum
1180 998 1242 1046 sex
1270 973 1447 1046 mensium
1543 979 1548 986 '

392 1103 553 1162 mutetur
578 1088 639 1161 ille
665 1093 728 1186 qui
753 1103 829 1160 erat
853 1092 1011 1189 primns,
1038 1104 1075 1162 et
1100 1090 1317 1190 subrogetur
1341 1092 1447 1184 alius,

393 1221 431 1279 et
455 1191 508 1278 sie
533 1220 689 1280 mutetur
714 1209 816 1306 prior
840 1209 962 1279 eorum
985 1209 1135 1306 singulis
1164 1234 1225 1282 sex
1247 1208 1447 1302 mensibus,

393 1338 431 1396 et
456 1325 673 1424 subrogetur
698 1350 790 1398 unus
816 1325 916 1397 alius.
1312 1328 1315 1334 '
1357 1325 1360 1332 ⁴

442 1444 606 1517 CXVIII.
631 1447 687 1518 De
704 1471 799 1545 pena
824 1451 1028 1546 recipientis
1047 1443 1240 1546 pecuniam
1266 1452 1447 1539 comunis,

392 1568 424 1636 εἰ
448 1587 523 1634 non
549 1563 827 1662 matufestuverit
851 1591 928 1636 eum
954 1569 993 1635 in
1018 1579 1189 1663 tempore.

441 1679 602 1769 Quilibet
627 1705 792 1780 campsor
816 1696 853 1754 et
872 1679 1033 1754 offitialis
1051 1695 1088 1755 et
1104 1682 1268 1780 quelibet
1284 1679 1356 1754 alia·
1368 1703 1448 1782 per·

394 1823 481 1870 sona
495 1799 664 1897 deputata
681 1799 727 1870 ad
745 1800 993 1896 repriendum
1012 1823 1119 1873 avere
1137 1801 1300 1871 comunis
1316 1800 1449 1872 Medio·

391 1917 483 2007 lani,
515 1939 579 1987 seu
605 1919 786 2015 recipiens
813 1917 869 1988 vel
896 1941 966 2015 que
985 1920 1169 2018 ‘receperit
1196 1913 1266 1989 ¹seu
1299 1920 1456 2018 recipiet·

394 2039 586 2136 pecuniam
616 2036 674 2106 vel
705 2034 809 2108 aliam
842 2059 918 2106 rem
945 2038 1109 2108 comunis
1141 2035 1361 2128 Mediolani,
1392 2036 1449 2107 vel

394 2152 439 2224 ad
466 2155 565 2224 cuius
590 2177 718 2225 manus
745 2153 790 2226 de
814 2154 969 2251 pecunia
986 2153 1043 2225 vel
1061 2151 1170 2225 rebus
1189 2157 1352 2225 comunis
1376 2157 1449 2225 Me·

393 2269 529 2342 diolani
559 2273 786 2369 pervenerit,
817 2283 982 2342 teneatur
1011 2282 1050 2342 et
1079 2270 1209 2343 debeat
1238 2269 1331 2340 infra
1364 2283 1447 2342 octo

393 2388 649 2488 dies,1exqu0
677 2390 912 2487 reperiretur,
939 2388 994 2459 vel
1021 2387 1112 2459 infra
1139 2411 1301 2458 mensem
1326 2413 1348 2458 a
1376 2381 1447 2458 fine

391 2505 447 2578 sui
461 2503 567 2577 offitii
588 2506 860 2597 numerandum,
878 2504 1063 2578 notificare
1081 2506 1229 2577 domino
1248 2504 1446 2576 Mediolani

394 2620 452 2695 vel
495 2619 609 2694 offitio
647 2624 920 2722 provisionum,
959 2636 996 2695 et
1037 2622 1083 2696 de
1120 2624 1207 2721 ipsis
1243 2622 1376 2694 bonam
1410 2616 1446 2694 el

392 2739 607 2840 completam
620 2740 738 2812 facere
751 2743 930 2814 rationem
943 2755 980 2812 et
994 2740 1210 2812 solutionem
1226 2739 1447 2838 illis,quibus

395 2859 527 2932 diaerit
540 2857 615 2957 ipse
628 2859 793 2930 dominus
808 2859 1006 2931 Mediolani
1019 2858 1073 2930 vel
1087 2858 1225 2929 domini
1238 2853 1447 2950 duodecim,

393 2989 428 3048 et
443 2977 511 3047 hoc
528 2976 595 3047 sub
612 3001 705 3074 pena
721 2979 858 3076 quarti,
874 2990 912 3048 et
927 2977 1147 3049 exonerandi
1164 2988 1202 3048 et
1217 2969 1447 3075 indempnem

391 3093 578 3195 prestandi
605 3118 758 3166 comune
785 3094 980 3166 Mediolani
1003 3093 1048 3165 de
1073 3093 1133 3164 illa
1156 3087 1311 3192 pecunia
1333 3091 1391 3166 vel
1407 3115 1446 3174 ne

392 3210 670 3284 acreditoribus
690 3211 784 3283 illius
803 3214 965 3283 comunis
976 3269 985 3301 ,
1012 3225 1049 3284 et
1071 3205 1300 3284 substinendi
1321 3233 1446 3282 omnes

392 3353 523 3400 uxuras
549 3342 586 3402 et
611 3330 732 3400 omnia
758 3328 934 3429 dampna,
961 3355 1052 3426 quas
1079 3355 1231 3400 comune
1251 3325 1447 3402 Mediolani

393 3448 498 3520 solvit
523 3461 560 3520 et
586 3444 765 3518 substinet
790 3473 810 3518 a
836 3447 1077 3520 creditoribus
1103 3450 1199 3534 suis;
1227 3441 1266 3518 et
1286 3441 1449 3545 ¹predicta

391 3553 511 3636 Ionum
538 3564 713 3656 habeant,
740 3568 771 3637 si
797 3564 944 3661 aliquod
969 3557 1214 3664 predictorum
1233 3559 1447 3662 ¹receptum,

391 3680 555 3752 habitum
582 3684 638 3755 vel
666 3679 880 3781 perventum
911 3682 1021 3754 luerit
1054 3684 1090 3753 in
1122 3682 1275 3780 aliquem
1300 3682 1357 3753 vel
1383 3676 1449 3780 per

392 3797 552 3895 aliquem
579 3801 614 3872 in
638 3802 783 3873 civitate
804 3800 1001 3872 Mediolani
1017 3801 1072 3871 vel
1092 3799 1294 3889 suburbiis3
1313 3800 1448 3872 sivero

392 3920 429 3988 in
454 3918 652 4008 comitatu,
679 3931 765 3988 tnnc
800 3931 963 3992 tenentur
995 3918 1072 4017 ipse
1098 3919 1294 4015 recipiens,
1320 3915 1377 3988 vel
1402 3915 1448 3986 ad

392 4034 492 4106 cuius
519 4057 643 4104 manus
669 4040 835 4134 pervenit
855 4034 909 4108 vel
928 4036 1135 4135 pervenerit
1156 4032 1290 4132 aliquid
1309 4033 1355 4105 de
1372 4055 1450 4134 pre·
