3386 5122
268 506 488 579 honorabilis
514 507 721 606 potestatis,
739 519 777 577 et
794 506 840 577 ad
856 503 1160 580 reflormationem
1186 520 1224 579 et
1249 535 1324 609 gra·
1378 577 1385 592 ,

268 627 446 696 tissimum
470 637 604 696 statum
622 637 658 695 et
675 622 935 696 deffensionem
954 625 1118 697 comunis
1144 639 1181 698 et
1208 623 1323 696 homi-

265 767 352 814 num
368 741 566 814 Mediolani
580 755 619 814 et
636 742 839 833 districtus,
862 767 905 812 ac
926 741 1069 814 aliunde
1085 744 1123 814 in
1148 745 1202 815 eis
1219 758 1322 815 uten-

271 862 369 931 tium.
409 860 482 948 Qui
520 860 668 957 quidem
707 861 890 959 sapientes
934 859 1143 932 affectantes
1182 874 1323 933 tantum
1374 854 1377 860 ¹

269 991 452 1075 tamquam
478 975 588 1050 decus
607 990 645 1049 et
660 977 887 1049 fructuosum
905 1001 1020 1078 oppus
1037 978 1175 1052 eisdem
1193 982 1324 1051 comis-

270 1123 348 1167 sum
373 1095 614 1168 laudabilliter
636 1089 835 1194 adimplere
853 1110 891 1168 et
908 1095 973 1168 fini
989 1117 1152 1196 congruo
1180 1098 1325 1170 deman·

269 1211 376 1303 dare,
402 1214 579 1312 eligerunt
613 1216 650 1285 in
681 1213 763 1284 loco
799 1213 844 1284 ab
879 1212 973 1284 alliis
1006 1215 1102 1284 curis
1135 1230 1324 1315 segregato

268 1331 438 1422 residere,
454 1332 568 1403 donec
581 1335 734 1430 petitum
748 1316 996 1430 predictorum
1009 1345 1155 1430 portum
1172 1332 1327 1405 feliciter

268 1451 487 1548 tetigissent,
505 1450 629 1549 ibique
652 1475 672 1520 a
694 1441 855 1546 qualibet
879 1443 962 1520 allia
987 1474 1074 1520 cura
1097 1452 1242 1554 penitus
1269 1474 1324 1523 se·

267 1569 418 1666 gregati,
445 1569 530 1638 huic
556 1569 659 1668 operi
684 1591 901 1665 quamquam
926 1565 1105 1638 laborioso
1131 1582 1168 1640 et
1187 1569 1325 1667 longis-

268 1687 378 1776 simo,
400 1687 568 1784 gratuito
586 1699 705 1757 tamen
729 1679 933 1756 vehementi
959 1685 1080 1756 studio
1107 1687 1325 1784 vigillantes,

268 1803 502 1900 videntesque
519 1815 680 1875 veterum
696 1803 879 1875 volumina
900 1815 1135 1895 statutorum,
1153 1805 1327 1902 provisio-

268 1943 354 1992 num
364 1979 374 2014 ,
392 1903 715 2012 rellormationum,
733 1920 915 1992 eridarum
933 1933 971 1992 et
994 1919 1326 1994 ordinamentorum

268 2037 353 2112 dieti
379 2043 563 2132 comunis,
582 2041 769 2137 inquibus
788 2053 940 2139 propter
956 2038 1164 2138 frequentes
1181 2055 1326 2113 contra·
1389 2072 1394 2088 κ

258 2161 414 2230 ‘rietates
427 2161 628 2256 nimiasque
641 2155 922 2256 superfluitateS,
933 2157 1062 2232 ordine
1081 2177 1156 2229 noa
1167 2173 1328 2250 sermm,

270 2276 409 2349 diverse
439 2275 663 2374 vagabantur
694 2278 873 2350 Sententia
904 2289 942 2348 et
974 2275 1199 2348 eonfuxionis
1231 2303 1328 2348 scro-

263 2394 371 2466 *culus
389 2395 608 2494 pullulabat,
627 2395 752 2468 eadem
769 2394 977 2496 emendare,
996 2408 1107 2492 prout
1123 2393 1242 2466 divina
1259 2421 1326 2493 po-

244 2577 246 2582 .
270 2514 380 2584 tentia
399 2514 534 2586 eisdem
550 2511 757 2586 facultatem
778 2511 889 2584 alacri
909 2512 1031 2586 studio
1050 2525 1088 2582 et
1106 2535 1193 2582 cura
1205 2513 1328 2611 vigilli,

267 2643 487 2724 statuentes,
506 2632 726 2724 adiitientes,
744 2630 996 2722 detrahentes,
1014 2642 1259 2729 permutantes
1285 2655 1327 2702 ac

264 2751 375 2821 *etiam
401 2749 448 2820 de
473 2775 568 2822 novo
593 2739 842 2850 disponentes,
869 2773 985 2850 eaque
1015 2748 1130 2819 titulis
1160 2749 1328 2848 congruis
1416 2763 1417 2766 ’

269 2880 501 2966 agregantes,
533 2883 643 2966 prout
682 2870 734 2940 eis
772 2869 888 2941 visum
934 2868 1046 2938 extitit
1082 2879 1325 2964 oportunum,

270 3001 306 3057 ct
330 3011 373 3058 ea
398 2989 507 3057 unico
532 2987 715 3058 volumine
744 2983 916 3058 inlibris
943 2998 1067 3056 tamen
1092 2997 1193 3078 octo,
1217 2999 1329 3084 prout

269 3103 363 3176 infra
397 3105 598 3199 videbitur,
637 3103 858 3195 dividentes,
888 3117 930 3175 ut
971 3105 1070 3174 omni
1107 3104 1154 3176 ab
1192 3104 1328 3176 eisdem

267 3227 402 3297 reiecta
428 3225 588 3316 sorditie,
611 3222 701 3295 nihil
728 3226 951 3294 contrarium
976 3222 1032 3294 vel
1059 3223 1197 3294 inutille
1223 3222 1328 3294 relin-

267 3355 419 3444 quatur,
436 3344 501 3416 'sed
525 3344 626 3415 velut
651 3342 763 3414 fontis
789 3343 907 3413 ameni
934 3341 1074 3414 claritas
1099 3339 1328 3412 mittentibus

268 3464 424 3554 oriatur3
451 3487 605 3562 quorum
638 3478 721 3533 octo
752 3461 928 3533 librorum
953 3461 1101 3532 nomina
1132 3470 1218 3530 sunt
1241 3457 1326 3530 hec:

268 3581 572 3674 iurisdictionem,
605 3578 895 3673 mallefitiorum,
930 3577 1102 3670 civilium,
1128 3577 1328 3648 extraordi-

269 3685 476 3793 nariorum,
501 3697 732 3792 victualium,
759 3699 958 3790 detiorum,
983 3707 1223 3768 mercatorum
1253 3679 1329 3770 Me·

268 3817 413 3889 d-iolani¹
429 3832 468 3890 et
492 3833 730 3890 mercatorum
756 3816 848 3888 lane.
873 3815 954 3904 Que
972 3811 1120 3914 quidem
1139 3825 1272 3896 statuta
1290 3829 1329 3888 et

269 3937 519 4010 ordinamenta
544 3939 687 4010 etium
712 3934 958 4035 municipallia
983 3945 1068 4033 post
1092 3934 1327 4005 examinatio·

268 4079 351 4126 nem
378 4070 414 4128 et
440 4057 704 4126 correctionem
722 4053 854 4124 tactum
872 4070 938 4151 per
951 4043 1112 4150 prefatos
1134 4053 1327 4150 sepientes,

268 4177 398 4244 iterum
426 4189 497 4274 ‘per
522 4173 625 4245 allios
657 4172 902 4271 infrascriptos
929 4159 1143 4271 sapientes,
1160 4169 1328 4242 videlicet
