3416 5054
1248 331 1294 408 '59

236 450 301 522 'sed
328 425 572 522 concedantur
597 447 826 548 diligentibus
853 451 1036 548 personis,
1069 445 1198 548 quibus
1224 451 1299 551 pla·

238 569 356 669 cuerit
381 567 530 639 domino
557 565 763 638 Mediolani.

288 663 497 756 LXXXIII.
525 684 581 756 De
604 687 720 756 literis
745 690 909 757 centanis
935 686 1178 781 registrandis.

289 803 424 873 Omnes
450 801 572 893 litere,
597 827 668 900 que
694 804 869 873 mitentur
892 827 960 899 per
986 827 1137 873 comune
1163 804 1299 876 Medio·

241 919 336 1011 lani,
369 920 570 992 scribantur
603 933 638 990 et
671 920 920 1018 exemplemur
955 921 992 989 in
1027 924 1229 1017 quaternis,
1262 925 1298 993 in

241 1037 372 1137 quibus
397 1037 506 1110 nichil
533 1037 728 1129 scribatur,
761 1052 798 1109 et
830 1039 1081 1137 responsiones
1114 1065 1185 1138 que
1211 1039 1301 1112 fient

223 1156 305 1254 'per
337 1153 458 1227 literas
492 1155 536 1226 ab
563 1154 769 1226 hominibus
801 1155 858 1228 vel
890 1153 1103 1226 comunibus
1133 1158 1190 1228 vel
1217 1159 1297 1229 uni-

238 1272 463 1345 versitatibus
489 1271 632 1344 alterius
651 1272 923 1363 iurisdictionis3
948 1297 1020 1373 que
1041 1299 1165 1347 omnes
1184 1273 1298 1367 litere,

239 1413 311 1490 que
344 1392 517 1462 mitentur
548 1391 693 1462 comuni
725 1388 922 1462 Mediolani
951 1416 1019 1489 per
1046 1390 1213 1465 homines
1242 1393 1299 1466 vel

240 1509 406 1580 comunis
432 1507 489 1578 vel
515 1501 762 1602 universitates
789 1507 932 1579 alterius
959 1503 1210 1582 iurisdictionis
1237 1537 1298 1582 co·

129 1659 132 1674 .
241 1626 357 1696 munis
384 1622 596 1715 Mediolani,
623 1625 828 1695 scribantur
858 1627 894 1694 in
921 1622 997 1696 aliis
1024 1628 1207 1722 quaternis
1234 1652 1300 1725 per

241 1740 468 1814 canzellarios
494 1743 657 1814 comunis
683 1741 888 1814 Mediolani.
921 1783 932 1804 -.

265 1859 467 1933 LXXXIV.
504 1859 613 1958 Quod
632 1861 732 1955 fiunt
763 1865 922 1932 vertorio
956 1882 1027 1961 pro
1051 1860 1298 1958 gubernandis

173 1979 176 1986 '
240 1976 345 2050 libris
369 1991 405 2050 et
428 1981 624 2077 scripturis
648 1983 810 2050 comunis
835 1977 1045 2053 Medtount.

290 2095 396 2168 Fiant
420 2097 565 2168 vestarii
590 2121 653 2167 seu
679 2097 821 2167 armarii
847 2096 1058 2168 incircuitu
1080 2091 1223 2169 camere
1241 2123 1300 2170 co-

242 2216 357 2286 munis
382 2213 579 2285 Mediolani
604 2227 639 2286 et
664 2215 808 2312 scripna
833 2239 901 2312 pro
929 2215 1114 2314 scripturis
1141 2228 1177 2287 et
1200 2215 1299 2287 libris

226 2333 403 2404 ¹comunis
440 2332 636 2404 Mediolani
672 2330 915 2430 gubernandis
951 2346 989 2404 et
1025 2330 1228 2422 salvandis3
1263 2349 1300 2404 et

242 2449 311 2524 ubi,
327 2463 383 2522 est
409 2461 628 2542 assezatum,
656 2447 720 2520 liat
746 2474 871 2520 murus
898 2466 935 2521 et
960 2450 1117 2521 hostium
1143 2449 1299 2540 bonum,

241 2581 278 2640 et
311 2580 428 2639 totum
461 2566 657 2667 dupliciter
691 2570 942 2666 cooperiatur,
976 2580 1013 2640 et
1047 2569 1099 2670 ita
1131 2565 1219 2658 liat,
1251 2569 1300 2641 ita

242 2683 343 2784 quod
369 2687 545 2783 scripture
575 2687 645 2756 sint
675 2685 772 2757 salve
801 2699 838 2758 et
863 2685 957 2758 bene
987 2686 1235 2757 custodiantur
1264 2699 1301 2759 et

242 2802 447 2892 salventur3
473 2815 511 2874 et
536 2802 699 2902 predicta
727 2813 893 2874 teneatur
915 2801 1033 2874 facere
1051 2800 1132 2876 lieri
1147 2804 1300 2884 vicarius

241 2919 346 2992 offitii
369 2921 618 3019 provisionum
644 2920 734 2992 infra
761 2920 906 2992 menses
928 2933 999 2992 tres
1019 2946 1038 2990 a
1056 2919 1301 3019 publicatione

240 3040 463 3139 presentium
480 3051 716 3130 statutorum,
734 3039 801 3120 sub
823 3063 940 3137 penna
959 3036 1131 3110 librarum
1154 3051 1300 3112 centurn

242 3157 475 3234 tertiolorum.
840 3141 857 3176 '
1214 3143 1217 3150 ’

292 3257 476 3346 LXXXV.
518 3274 628 3371 Quod
642 3272 783 3374 stastum
815 3280 934 3346 sancti
964 3257 1152 3348 Ambrosii
1181 3273 1297 3346 hono-

240 3393 340 3487 rfice
352 3393 449 3486 stat,
474 3407 515 3464 ut
527 3394 620 3488 steri
644 3395 825 3465 consuevit
849 3397 950 3464 omni
973 3395 1082 3464 aurio.

287 3511 437 3584 Festum
463 3536 489 3582 s.
516 3510 699 3582 Ambrosii
724 3513 867 3609 patroni
892 3512 998 3581 huius
1026 3512 1177 3582 civitatis
1200 3513 1298 3580 omni
1373 3581 1375 3586 .

241 3653 335 3700 anno
359 3654 427 3728 per
451 3654 605 3700 comune
631 3642 668 3700 et
693 3641 852 3701 rectores
883 3627 1075 3700 Mediolani
1101 3626 1300 3700 honorifice

240 3760 278 3817 ct
304 3747 476 3821 decenter
500 3745 584 3836 fiat,
611 3764 651 3819 ut
675 3748 850 3819 hactenus
877 3743 956 3818 lieri
982 3748 1175 3818 consuevit.

291 3863 452 3954 Quilibet
467 3867 725 3965 cuiuscumque
744 3878 856 3937 status
874 3877 911 3937 et
928 3864 1143 3936 conditionis
1160 3867 1300 3956 existat,

243 3997 406 4056 teneatur
432 3999 470 4055 et
496 3983 626 4056 debeat
646 3981 845 4056 honorifice
862 3982 1045 4056 celebrare
1063 4011 1190 4058 onmes
1206 3984 1301 4058 festi·

243 4103 366 4174 vitatas
398 4101 610 4174 beatissimi⁴
626 4117 665 4174 et
695 4102 907 4174 sanctissimi
939 4103 1123 4178 Ambrosii
1156 4103 1301 4181 exhimii
