3416 5054
1250 341 1297 410 '15

243 451 441 533 secundum
468 456 600 555 negotii
633 452 868 552 qualitatem
894 464 931 522 et
957 463 1147 524 teneantur
1171 467 1207 525 et
1232 454 1297 528 de-

243 575 353 649 beant
377 579 416 648 in
442 575 546 644 initio
570 573 625 642 sui
644 570 828 668 regiminis
846 582 884 641 et
900 571 1047 666 singulis
1067 583 1150 641 octo
1170 573 1299 644 diebus

243 695 430 792 precipere
463 702 500 762 et
534 677 698 761 inhibere
734 685 976 782 canevayrolis
1015 667 1131 784 super
1158 714 1300 761 camera

242 808 494 900 existentibus,
507 832 553 879 ne
578 803 715 902 aliquid
735 804 781 875 de
799 829 904 876 avere
922 807 1085 875 comunis
1104 803 1300 878 Mediolani

243 927 471 1027 expendant,
503 925 571 995 nisi
604 926 640 994 in
673 924 855 1022 presentia
885 922 1039 993 duorum
1070 948 1112 994 ex
1143 903 1299 1026 dominis

245 1061 326 1134 se'x,
353 1043 418 1115 sub
444 1067 538 1141 pena
564 1040 724 1138 qualibet
748 1041 827 1112 vice
854 1040 1041 1111 soldorum
1061 1053 1205 1112 centum
1229 1055 1302 1114 ter-

244 1161 436 1252 tiolorum,
469 1184 541 1256 que
573 1183 665 1258 pena
699 1160 746 1228 sit
777 1159 858 1255 ipso
896 1155 991 1228 facto
1032 1160 1184 1229 comissa
1224 1157 1301 1230 sine

243 1279 362 1376 aliqua
380 1276 721 1374 condempnatione,
740 1277 908 1372 quotiens
931 1287 1057 1346 contra
1077 1272 1211 1346 factum
1228 1274 1303 1348 fue-

244 1399 316 1486 rit;
348 1407 386 1467 et
417 1392 672 1465 nichilominus
706 1393 744 1464 id
775 1391 874 1489 quod
900 1395 1123 1490 reperiretur
1147 1417 1215 1491 per
1240 1419 1302 1466 eos

245 1525 480 1612 expensatum
493 1525 617 1582 contra
633 1509 807 1608 predicta,
818 1535 891 1580 non
906 1522 1063 1610 ponatur
1079 1509 1117 1580 in
1135 1514 1302 1609 expensis

244 1655 312 1731 per
336 1653 489 1701 comune
514 1626 732 1718 Mediolani,
758 1641 795 1699 et
821 1626 952 1700 durent
974 1652 1041 1725 per
1064 1639 1138 1734 tres
1160 1653 1303 1702 menses

246 1760 407 1838 tantum,
432 1759 471 1819 et
497 1747 560 1843 qui
585 1745 694 1817 fuerit
719 1745 835 1816 trihus
862 1745 1062 1836 mensibus,
1086 1770 1162 1817 non
1188 1750 1304 1847 possit

244 1887 324 1937 esse
363 1864 410 1935 ad
447 1863 585 1936 dictum
625 1859 778 1935 offitium
798 1897 800 1904 ⁴
818 1860 912 1933 infra
946 1887 1061 1933 annos
1094 1863 1185 1935 duos
1219 1863 1305 1936 inde

247 1994 461 2082 sequentes3
501 1994 539 2052 et
564 1992 755 2077 antequam
783 1982 953 2078 incipiant
986 2005 1090 2051 suum
1125 1961 1304 2072 offitium,

243 2111 438 2172 teneantur
472 2111 511 2170 et
549 2096 702 2169 debeant
727 2096 883 2196 predicti
913 2097 1051 2168 domini
1085 2121 1146 2168 sex
1184 2099 1304 2170 iurare

244 2207 369 2288 coram
391 2205 524 2288 v'icario
551 2212 658 2287 offitii
675 2216 942 2313 provisionum,
961 2214 1059 2311 quod
1076 2213 1205 2286 satient
1228 2214 1304 2287 offi-

244 2335 333 2406 tium
359 2359 462 2404 suum
489 2332 584 2403 bona
609 2331 682 2404 fine
715 2336 793 2405 sine
829 2331 973 2423 fraude,
1011 2345 1047 2404 et
1080 2333 1200 2404 omnia
1233 2359 1304 2431 que
1356 2378 1359 2382 -

245 2463 412 2551 spectant
444 2451 490 2522 ad
515 2449 670 2522 offitium
707 2475 811 2522 suum
826 2506 836 2542 ,
860 2462 896 2522 et
931 2450 1030 2547 quod
1066 2475 1139 2522 non
1175 2449 1303 2524 satient

246 2592 313 2641 nec
351 2567 428 2639 fieri
462 2571 676 2668 permittent
714 2593 781 2667 per
822 2593 863 2640 se
895 2568 952 2640 vel
987 2593 1054 2667 per
1092 2561 1303 2639 submissam

243 2707 434 2783 personam
461 2685 771 2783 aliquodacatum
798 2684 855 2757 vel
881 2686 1020 2755 lucrum
1047 2686 1140 2756 ultra
1166 2684 1304 2756 dictum

245 2800 416 2890 feudum,
452 2825 526 2897 quo
561 2791 785 2872 sacramento
812 2806 985 2901 prestito,
1011 2789 1165 2873 offitium
1200 2826 1303 2873 suum

242 2920 443 3018 incipiant,
482 2931 520 2989 et
558 2942 603 2990 ex
639 2931 727 2989 tunc
770 2931 867 2990 stent
904 2921 1001 2990 horis
1036 2902 1219 2990 consuetis
1256 2920 1303 2991 ad

245 3037 382 3108 dictum
409 3034 589 3128 offitium3
615 3038 740 3132 etqui
771 3035 907 3107 domini
945 3061 1005 3108 sex
1043 3019 1237 3108 teneantur*
1267 3049 1305 3109 et

244 3145 405 3226 debeant
437 3149 530 3225 infra
564 3152 654 3224 duos
686 3175 826 3226 menses
860 3153 905 3223 ab
931 3155 1088 3250 introytu
1116 3157 1171 3226 sui
1199 3153 1305 3226 offitii

247 3297 317 3343 una
351 3296 433 3342 cum
474 3295 655 3342 assessore
696 3259 835 3340 domini
875 3275 1067 3368 potestatis
1107 3271 1302 3343 Mediolani

246 3391 428 3486 inquirere
460 3401 587 3460 contra
613 3386 850 3486 precedentes
877 3388 1043 3461 dominos
1077 3413 1162 3478 sex,
1195 3413 1300 3461 cane·
1390 3435 1394 3441 ·

246 3497 381 3578 varios
405 3518 441 3577 et
483 3504 760 3604 canevayrolos,
805 3506 1014 3596 sindichos‚
1060 3519 1302 3604 superstantes

245 3621 358 3694 factos
391 3625 628 3714 tesaurerios‚
655 3647 880 3721 campsores,
910 3637 1136 3722 receptores,
1169 3647 1301 3721 expen-

246 3741 387 3812 ditores'
411 3743 525 3812 averis
552 3743 715 3812 comunis
741 3741 935 3812 Mediolani
961 3754 998 3813 et
1021 3741 1109 3814 alios
1134 3739 1302 3814 offitiales

246 3858 354 3931 medii
379 3859 464 3927 anni
488 3851 656 3956 preteriti
686 3871 768 3930 ante
793 3851 876 3949 eos,
908 3871 946 3929 et
976 3857 1081 3931 finire
1106 3882 1300 3958 processus

242 3977 407 4046 'omnium
449 3972 694 4072 predictorum
734 3987 771 4046 et
812 3975 1035 4072 singulorum
1079 3975 1170 4048 infra
1210 3975 1300 4049 duos

248 4113 391 4166 menses
414 4117 435 4162 a
461 4105 621 4190 tempore
652 4094 786 4192 incepti
816 4093 871 4164 sui
896 4091 1000 4164 offitii
1014 4109 1026 4183 ,'
1055 4107 1092 4167 et
1117 4095 1303 4192 inquirere
