3386 5122
273 303 276 314 ’
372 305 394 372 6

303 499 311 514 ,
368 415 536 488 dominos
563 415 755 513 Symonem
788 413 834 486 de
861 414 1095 484 Pontremulo
1133 427 1217 486 tunc
1255 417 1426 488 vicarium

367 547 404 606 61
428 545 693 631 exgravatorem
727 531 864 602 domini
892 531 1104 623 Mediolani,
1131 547 1166 604 61
1190 533 1427 606 Laurentium

367 652 413 724 de
438 650 677 746 Bernadigio,
699 650 954 722 Aramannium
981 649 1028 722 de
1047 649 1255 744 Allamanis‚
1272 651 1425 724 Ambro-

367 771 459 840 sium
486 770 531 840 de
558 767 718 840 Triulzio
725 826 735 860 ,
753 766 783 836 F
785 767 1049 854 ranciscliolum
1077 767 1122 840 de
1141 764 1284 866 Capris,
1305 769 1426 840 Astol·

368 886 482 958 folum
510 887 554 958 dc
578 885 858 984 Lampuguano‚
883 883 913 954 F
915 887 1143 956 rancischum
1171 886 1217 959 de
1234 885 1430 985 Subinago‚

366 1004 560 1076 Franzium
586 1003 823 1102 Spunzoram,
853 1003 1088 1074 Antoniolum
1113 1005 1279 1094 Rosam,
1306 1005 1428 1076 Rumi-

366 1149 454 1196 num
480 1123 524 1194 de
549 1121 668 1213 Poris,
685 1115 840 1221 Filipurn
870 1121 916 1191 (16
940 1119 1096 1219 Capellis
1116 1134 1153 1193 61
1169 1121 1427 1193 Carnevarium

368 1241 413 1312 de
439 1239 610 1312 Mandelo
635 1239 755 1338 laycos
781 1237 926 1310 fuerunt
949 1239 1042 1329 visa,
1062 1243 1263 1312 examinata
1289 1252 1326 1312 et
1351 1261 1429 1311 cor-

368 1372 485 1449 recta,
512 1370 621 1458 prout
654 1354 863 1428 discretioni
897 1382 1021 1428 eorum
1053 1359 1169 1428 risum
1204 1355 1275 1429 11111
1300 1357 1427 1430 cedere

368 1479 530 1548 omnium
547 1476 665 1564 bono;
694 1501 735 1546 ac
762 1477 870 1547 etiam
897 1442 1128 1575 postmodum
1155 1476 1202 1547 de
1228 1501 1323 1548 anno
1348 1501 1428 1610 pre-

368 1597 461 1668 senti
477 1595 636 1666 currenti
655 1593 845 1666 millesimo
864 1595 1115 1666 trecentesimo
1134 1574 1428 1693 quinquagesimo

368 1715 486 1813 primo
521 1712 740 1812 clispoxitum
779 1709 849 1782 suit
887 1737 953 1810 per
986 1711 1075 1784 ollit'
1052 1727 1141 1784 tium
1179 1715 1426 1812 provisionum

368 1835 514 1904 nomine
533 1833 698 1932 comunis
716 1827 911 1900 Mediolani
927 1829 1027 1900 ullios
1040 1830 1218 1928 deputare
1236 1832 1429 1930 sapientes,

367 1949 538 2021 videlicet
562 1948 729 2019 dominos
754 1946 954 2042 Rugerium
972 1945 1156 2038 daulfus,
1174 1947 1363 2018 Arasmum
1381 1946 1427 2018 de

368 2066 571 2166 Aliprandis
596 2064 719 2164 legum
737 2066 885 2164 peritos,
903 2063 1094 2134 Otorinum
1117 2064 1163 2136 (16
1180 2064 1315 2156 Burris,
1334 2064 1436 2136 Gai--

367 2186 492 2256 detum
509 2181 753 2276 dePusterla,
769 2178 969 2252 Maffiolum
986 2181 1032 2254 de
1047 2181 1212 2282 Morigiis
1229 2197 1265 2254 61
1276 2181 1426 2254 Palliam

367 2303 414 2374 de
440 2302 586 2373 Grassis
611 2301 731 2399 laycos
756 2300 852 2370 viros
877 2299 1073 2392 discretos,
1099 2303 1162 2398 qui
1191 2323 1300 2398 super
1332 2326 1429 2374 com·

367 2419 603 2520 pilationibus
636 2418 736 2490 l'actis
769 2442 836 2516 per
867 2417 984 2488 dictos
1011 2417 1113 2489 allios
1146 2418 1282 2517 primos
1309 2432 1346 2490 61
1372 2444 1428 2491 se·

368 2539 509 2610 cundos
547 2538 746 2637 sapientes,
781 2547 818 2606 et
857 2560 965 2632 super
1002 2536 1337 2634 discrepationibus.
1365 2560 1428 2608 seu

368 2655 580 2728 differentiis
604 2668 642 2726 61
667 2652 780 2744 alliis,
807 2653 871 2748 qui
896 2653 946 2724 eis
970 2653 1181 2726 viderentur
1207 2654 1336 2726 cedere
1364 2680 1429 2754 pu-

368 2774 461 2846 blice
486 2773 654 2865 utilitati,
672 2768 850 2846 deberent
870 2770 1058 2868 providere
1065 2827 1077 2864 ,
1102 2773 1226 2866 adera,
1243 2773 1427 2863 mendane,

368 2905 508 2964 mutare
535 2916 576 2963 ac
603 2892 650 2963 (16
675 2918 786 2986 novo,
814 2894 932 2966 ut'eis
958 2892 1156 2984 videbitur,
1184 2903 1365 2982 statuere3
1392 2905 1429 2963 61

368 3013 419 3082 sic
445 3034 538 3108 opus
565 3011 786 3111 predictum,
814 3012 860 3083 ad
879 3011 977 3111 quod
994 3009 1157 3110 deputati
1182 3006 1347 3100 fuerunt,
1365 3035 1427 3081 cu·

368 3128 485 3200 stodia
511 3143 548 3200 et
566 3153 654 3199 cura
670 3129 780 3228 vigilli
798 3155 841 3201 ac
859 3130 1012 3220 solicita,
1032 3123 1109 3200 Deo
1126 3127 1300 3226 propitio,
1319 3149 1426 3223 quam

367 3246 520 3320 velotius
546 3257 759 3345 potuerunt,
778 3249 823 3319 ad
847 3247 1013 3320 effectum
1039 3245 1302 3345 perduxerunt,
1319 3258 1428 3344 prout

369 3363 518 3440 inferius
544 3367 721 3464 sequitur.

418 3483 462 3554 In
496 3485 642 3556 nomine
667 3481 826 3554 Domini.
854 3483 961 3554 Anno
993 3508 1014 3555 a
1046 3481 1232 3555 nativitate
1269 3481 1428 3554 eiusdem

368 3603 575 3675 millessimo
609 3603 881 3676 trecentessimo
911 3605 1161 3703 nonagessimo
1190 3613 1314 3694 sexto,
1340 3601 1428 3674 indi·

368 3721 490 3794 ctione
515 3735 658 3820 quarta‚
684 3722 744 3795 die
775 3723 918 3794 decimo
951 3725 1061 3795 tertio
1088 3722 1221 3792 mensis
1257 3722 1427 3811 ianuarii,

368 3838 458 3910 hora
481 3840 668 3936 vigessima
695 3839 861 3912 secunda.
888 3836 1031 3911 Nobilis
1057 3852 1094 3911 61
1119 3838 1282 3937 egregius
1308 3838 1426 3938 legum

368 3957 498 4028 doctor
522 3955 689 4027 dominus
716 3955 895 4028 Antonius
921 3956 968 4028 de
993 3955 1218 4028 Follionibus
1234 3956 1280 4027 de
1302 3957 1426 4026 Arezio

367 4073 721 4172 vicarius'generalis
748 4075 897 4148 illustris
923 4076 1106 4173 Principis
1132 4101 1173 4146 ac
1207 4074 1428 4148 excellentis·
