3386 5122
1261 467 1282 533 9

224 608 307 656 nem
324 597 362 654 et
378 575 655 682 aprobationem
672 593 833 652 nostram
852 578 1098 678 pmiudicetur
1112 580 1149 648 in
1161 576 1289 675 aliquo

221 703 371 773 nostris
397 701 572 796 negotiis,
598 696 799 795 fiendisque
831 695 1018 768 ordinibus
1051 707 1088 767 et
1119 695 1283 775 decretis.

226 819 361 891 Datum
380 817 588 908 Mediolani,
601 817 660 888 die
676 808 806 916 quarto
825 815 990 906 ianuarii,
1007 813 1195 886 millesimo
1217 826 1287 884 tre·

227 929 443 1008 contessimo
470 935 725 1033 nonagessimo
753 945 865 1005 sexto.
888 925 1094 1006 'lacobiuus
1121 932 1285 1032 signavit.

277 1055 313 1124 A
339 1068 459 1148 tergo:
494 1053 763 1154 Sapienti-viro
790 1051 939 1123 domino
962 1049 1112 1121 'Vicario
1136 1063 1174 1120 et
1199 1049 1287 1121 duo·

229 1172 345 1244 decim
373 1173 620 1269 provisionum
649 1193 691 1240 ac
718 1170 865 1240 sindicis
892 1167 1058 1240 comunis
1084 1168 1197 1240 nostri
1213 1168 1288 1238 Me-

228 1287 361 1360 diolani
387 1287 618 1387 presentibus
644 1299 683 1358 et
708 1285 846 1358 futuris.
912 1385 917 1398 ,
1028 1277 1031 1284 ’

279 1523 412 1594 Postea
437 1547 524 1594 vero
551 1523 807 1622 suprascriptis
825 1548 921 1593 anuo
931 1579 941 1614 ,
958 1520 1157 1593 indictione
1173 1534 1212 1592 ot
1229 1521 1289 1594 die

147 1696 149 1700 -
223 1645 321 1717 ¹ioris
347 1633 602 1720 tertiodecimo
635 1643 769 1713 mensis
795 1641 948 1718 ianuarii
974 1641 1010 1710 in'
1036 1641 1218 1740 vesperis,
1244 1639 1290 1710 ad

229 1761 380 1858 gloriam
417 1771 454 1829 et
479 1758 622 1829 laudem
657 1759 915 1856 omnipotentis
940 1760 1008 1829 Dei
1034 1772 1071 1829 et
1096 1756 1291 1829 salvatoris

230 1878 342 1949 nostri
363 1889 400 1946 et
417 1874 602 1946 individue
620 1875 817 1966 Trinitatis,
831 1878 934 1946 cuius
953 1877 1144 1947 clementia
1162 1865 1291 1946 cuncta

230 2004 420 2091 reguntur,
437 2005 678 2092 proteguntur
697 2006 734 2064 et
759 1993 1022 2091 gubernantur,
1040 2018 1108 2092 per
1130 2018 1238 2090 quem
1256 2005 1294 2065 et

232 2132 253 2182 a
279 2137 355 2209 quo
384 2111 463 2182 iura
497 2123 535 2182 et
566 2111 662 2209 leges
697 2110 941 2209 suscipiuntur
966 2124 1003 2183 et
1029 2110 1135 2182 lirino
1162 2107 1293 2182 robore

232 2243 508 2319 conservantur,
540 2228 587 2300 ad
614 2229 788 2300 honorem
821 2231 931 2300 etiam
963 2227 1117 2328 gloriose
1143 2241 1180 2300 et
1204 2229 1295 2299 iute-

233 2361 367 2418 rnerate
383 2347 530 2444 virginis
544 2343 690 2416 Domini
710 2349 826 2416 nostri
839 2348 922 2418 Iesu
936 2345 1071 2418 Christi
1090 2347 1293 2446 genetricis,

231 2464 428 2537 beatissimi
466 2463 640 2534 Iohannis
678 2464 837 2561 Baptiste
881 2464 1100 2563 protectoris
1135 2465 1291 2561 partium

218 2581 469 2672 Lombardie,
498 2577 681 2677 totiusque
708 2581 863 2654 cellestis
890 2582 1006 2673 curie,
1032 2607 1072 2652 ac
1098 2581 1294 2653 beatissimi

174 2763 178 2776 .
234 2699 445 2772 confessoris
464 2699 714 2797 gloriosissimi
726 2699 911 2770 Ambrosii
924 2700 1069 2797 patroni
1082 2699 1187 2770 huius
1201 2696 1295 2769 alme

233 2820 387 2892 eivitatis
400 2817 611 2908 Mediolani,
625 2811 691 2889 nec
705 2843 780 2889 nou
798 2818 844 2888 ad
860 2818 1118 2890 exaltationem
1133 2805 1171 2888 et
1183 2814 1295 2898 felicis

233 2948 346 3006 status
364 2937 678 3006 conservationem
697 2937 939 3034 prenominati
956 2935 1092 3010 domini
1107 2934 1209 3006 ducis
1223 2932 1297 3014 Me·

235 3049 385 3143 diolani,
411 3049 541 3150 prefati
575 3051 711 3122 domini
737 3054 895 3126 vicarius
922 3066 959 3125 et
985 3053 1194 3144 duodecim,
1221 3052 1294 3122 sin-

234 3170 337 3240 dicus
363 3181 400 3240 et
426 3169 672 3248 locumtenens
691 3182 732 3240 ut
750 3194 859 3268 supra
877 3172 1083 3270 congregati
1099 3173 1295 3242 existentes

235 3287 280 3358 nd
304 3285 499 3384 longeriam
534 3313 663 3358 novam
695 3292 861 3368 comunis
890 3287 1110 3380 Mediolani,
1140 3289 1295 3389 positam

236 3427 344 3504 super
368 3404 464 3476 lobia
486 3405 533 3477 de
551 3405 639 3476 Oxis
665 3408 703 3476 in
729 3406 887 3478 brolleto
913 3433 1005 3479 novo
1031 3408 1195 3479 comunis
1219 3404 1295 3480 Mo·

235 3521 386 3614 diolnui,
413 3547 506 3594 sono
537 3524 707 3594 tubarum
744 3536 1084 3624 etcampnnarum,
1110 3538 1152 3595 ut
1185 3523 1296 3603 nibus

236 3651 291 3710 est
315 3643 354 3711 in
379 3639 513 3711 talibus
538 3645 690 3732 servari,
717 3644 910 3741 premisso,
929 3645 967 3714 in
987 3639 1295 3742 presentiaetiam

235 3759 373 3858 egregii
392 3771 430 3827 et
448 3759 656 3858 spectabilis
671 3762 737 3830 viri
756 3760 894 3832 domini
912 3762 1059 3858 Spineto
1076 3761 1122 3835 de
1139 3757 1296 3858 Spinolis

236 3875 282 3945 de
307 3874 445 3946 Loculo
471 3879 721 3973 prenominato
743 3879 903 3949 civitatis·
916 3877 1113 3948 Mediolani
1137 3876 1294 3948 bonora-

235 3991 316 4062 bilis
335 3997 536 4090 potestatis,
557 3995 784 4092 presentibus
802 3996 912 4065 etiam
934 4019 1016 4064 cum
1034 3993 1296 4088 eisAErancisco

237 4105 273 4180 et
305 4105 512 4181 Beriamolo
546 4113 721 4183 ainbobus
755 4111 801 4183 de
830 4111 1051 4209 Panigarolis
1084 4116 1233 4186 notariis
1260 4125 1298 4185 et

233 4225 539 4324 gubernatoribus
566 4242 805 4322 statutorum,
823 4231 1091 4329 provixionum,
1115 4230 1296 4303 cridarum

1213 4385 1231 4426 2
