3338 5042
1190 363 1256 438 ttt

202 485 417 577 carceribus,
431 497 469 556 et
480 485 580 583 ipsos
593 479 772 582 exportari
790 478 920 574 lacere,
932 505 1014 554 curn
1033 482 1263 577 decesserint,

203 608 234 675 si
259 607 327 704 ipsi
352 605 520 676 camerati
546 627 618 673 non
649 597 806 672 habeant
825 600 926 673 unde
956 604 1097 702 possint
1122 600 1265 702 sepeliri

202 725 276 794 suis
311 725 500 822 expensis,
537 719 606 791 sun
642 743 734 819 penu
767 717 942 790 librarum
977 721 1265 818 vigintiquinque

204 839 429 914 tertiolorum
464 863 532 940 pno
564 837 746 936 quolibet,
774 852 810 910 et
834 837 903 908 lton
934 837 1156 937 intelligatur
1184 859 1265 910 esse

203 961 312 1034 tacite
337 962 375 1030 iu
401 961 640 1030 conventione
666 953 848 1028 incantus¹

206 1127 211 1140 ·
256 1077 413 1149 CCXIV.
440 1077 496 1148 De
519 1101 592 1148 uno
619 1100 751 1171 magno
777 1099 929 1148 caruere
952 1072 1189 1168 ltedffioando.

209 1249 214 1256 .
255 1195 327 1268 Per
341 1195 514 1269 vicarium
532 1207 570 1266 et
586 1191 780 1268 duodecim
798 1193 1025 1292 presidentes
1046 1191 1163 1264 offitio
1180 1217 1265 1292 pro-
1349 1254 1353 1263 .

203 1316 384 1388 visionum
418 1312 609 1384 ordinetur
639 1325 677 1384 et
708 1310 962 1412 provideatur,
988 1313 1088 1410 quod
1122 1314 1159 1383 in
1185 1311 1286 1384 loeo.

204 1444 287 1533 apto
304 1443 343 1504 et
356 1431 500 1532 ydoneo
518 1428 719 1527 reperiatur
737 1429 837 1500 loeus
856 1429 1037 1528 ydoneus,
1056 1431 1093 1500 in
1112 1454 1184 1527 quo
1203 1427 1267 1502 fiat

203 1575 297 1620 unus
322 1572 447 1620 carcer
472 1571 620 1646 magnus
638 1559 676 1618 et
693 1546 868 1647 ydoneus,
888 1546 950 1617 ubi
968 1549 1110 1646 possint
1129 1546 1267 1622 recludi

204 1669 369 1741 homines
384 1669 481 1767 capti
497 1678 535 1736 et
552 1667 616 1763 qui
632 1665 678 1737 de
697 1678 819 1738 cetero
840 1666 1043 1765 capientur,
1062 1669 1125 1763 qui
1143 1689 1268 1739 carcer

202 1783 334 1863 niteat
357 1783 473 1872 multa
498 1779 722 1870 diverticula,
749 1779 948 1856 seeundum
974 1784 1074 1884 quod
1100 1785 1266 1885 expedit,

203 1929 271 2004 pro
290 1903 503 2004 reponendo
523 1903 712 2002 separatim
731 1899 896 1974 homines
911 1916 1048 2003 captos,
1070 1903 1267 1975 secundum

203 2029 336 2095 stltum
364 2020 567 2110 cuiuslibet.
1121 2015 1125 2021 ’

253 2141 342 2212 Item
369 2163 437 2240 per
461 2139 558 2211 idern
585 2137 736 2211 offitium
754 2135 1003 2240 provisionum
1023 2139 1213 2216 ordinetur
1228 2149 1267 2218 et

203 2260 454 2360 provideatur,
477 2259 576 2358 quod
602 2256 666 2331 fiat
692 2258 780 2330 alius
811 2283 937 2335 ¹carcer
962 2284 1028 2359 pro
1054 2253 1266 2358 reponendo

202 2379 370 2454 mulieres
396 2392 518 2480 captas
544 2390 581 2450 ot
605 2380 802 2478 capiendas
819 2404 901 2455 oum
918 2378 1069 2454 honesta
1091 2377 1267 2471 custodia,

203 2501 240 2571 in
267 2523 341 2596 ΨΜ)
361 2499 476 2570 'etiam
499 2519 647 2568 earoere
674 2500 746 2570 sint
764 2498 867 2599 plura
881 2511 921 2572 et
937 2499 1080 2572 diversa
1104 2497 1198 2590 loca,
1217 2499 1268 2573 ita

205 2619 303 2718 quod
320 2617 473 2689 honeste
486 2630 523 2688 et
535 2613 674 2688 nobiles
692 2616 860 2690 mulieres
874 2631 1096 2717 reponantur
1113 2620 1150 2688 in
1168 2611 1266 2692 oerto

204 2737 288 2810 loco
312 2736 407 2808 adeo
430 2733 482 2806 sb
506 2735 587 2808 aliis
612 2750 799 2834 separato,
825 2736 926 2833 quod
943 2735 1114 2808 mulieres
1141 2735 1268 2808 debilis

202 2855 444 2928 oondiotionis
471 2854 509 2928 in
534 2855 615 2953 ipso
637 2876 785 2929 earcere
812 2857 1003 2928 existentes
1029 2855 1269 2955 nonpossint

203 2974 378 3048 aeoedere
402 2972 447 3044 ad
464 2974 684 3072 presentiam
709 2972 856 3045 aliarum
876 2973 1112 3045 honestarum
1137 2971 1266 3045 mulie·
1342 2975 1343 2980 ’

205 3116 302 3185 rum,
330 3104 368 3164 et
390 3093 432 3162 in
458 3115 502 3162 eo
524 3113 675 3164 earcere
708 3104 893 3191 ponantur
925 3094 1003 3191 ipse
1032 3091 1201 3165 mulieres
1231 3095 1268 3163 in

202 3212 355 3285 dirersis
379 3211 487 3301 loeis,
510 3211 706 3282 seeundum
733 3211 942 3308 qualitatem
967 3227 1007 3284 et
1023 3212 1267 3283 conditionem

202 3353 339 3402 earum.

253 3450 344 3522 ltam
368 3452 469 3549 quod
495 3475 637 3523 camera
664 3451 794 3548 exigua
821 3453 979 3532 carceris
1004 3455 1022 3500 Α
1048 3447 1269 3538 Molestalle,

203 3595 276 3669 que
301 3583 357 3644 est
382 3572 543 3671 paleato,
564 3574 602 3644 in
625 3594 700 3669 qua
725 3568 819 3643 lacte
845 3583 928 3644 sunt
953 3571 1144 3661 stationes,
1163 3568 1269 3644 redu·

203 3699 306 3759 catur
338 3689 384 3761 ad
410 3713 564 3762 comune
597 3689 795 3766 Mediolani
817 3704 860 3760 et
885 3689 932 3760 ad
964 3690 1065 3788 ipsos
1087 3711 1271 3780 carceres,

203 3817 286 3882 oum
311 3803 625 3881 vehementissime
650 3807 711 3880 ille
737 3833 879 3880 ramera
896 3810 944 3879 sit
965 3808 1181 3898 necessaria,
1208 3789 1270 3878 ulei

202 3939 286 3997 sunt
306 3925 386 4024 ipse
405 3927 602 4020 stationes,
618 3953 685 4028 pro
703 3952 786 4000 aere
805 3939 842 4000 et
858 3923 1053 4000 residentia
1071 3928 1221 4026 portieri
1234 3931 1269 4016 ¹,

203 4115 222 4158 t
249 4130 262 4156 α
283 4121 396 4170 camera
412 4120 513 4184 magna
529 4113 672 4172 sewum
692 4131 705 4157 »2
728 4110 808 4180 (Coo.
827 4115 857 4164 Β.
878 4109 929 4184 19).

203 4201 227 4243 1
255 4215 268 4243 α
286 4197 315 4250 et
332 4193 439 4264 pernen
456 4215 469 4244 s
490 4196 536 4263 (nr
556 4195 621 4250 cod,
639 4195 722 4263 eod).
