3416 5054
394 277 467 352 too

388 375 533 470 eentum
552 393 695 486 tertiol,
710 391 822 494 possit
839 391 1001 494 recipere
1015 414 1134 494 usque
1152 395 1196 468 ad
1214 393 1338 468 soldos
1354 397 1447 474 daos

389 513 533 606 tertiol.;
559 526 596 584 et
623 509 652 584 si
678 510 823 585 solverit
840 510 991 585 abinde
1007 535 1116 611 supro
1135 513 1317 612 usquead
1334 514 1447 588 libros

389 634 695 731 quinqueosntum
727 628 967 724 tertiolorum,
994 633 1110 730 possit
1134 631 1300 730 recipere
1325 631 1448 708 soldos

389 761 545 850 quatw
571 746 715 837 tertiolo
742 748 832 818 etsi
856 747 1005 820 solverit
1021 747 1067 818 ab
1083 748 1169 827 inde
1196 773 1306 850 supra
1319 773 1447 850 rusquo

389 868 435 940 ad
460 866 570 939 libras
596 866 693 939 mille
718 865 862 959 tertiol.‚
886 866 1002 967 possit
1026 865 1188 966 recipere
1214 866 1338 940 soldos
1363 882 1446 942 octo

388 985 531 1084 tertiol.;
548 998 587 1057 et
613 986 643 1057 si
661 983 815 1056 ‘solverit
838 982 885 1054 ab
904 982 990 1054 inde
1006 1006 1131 1084 supra,
1157 987 1445 1085 quantacumque

261 1192 266 1202 Ι
388 1103 519 1196 solvat,
531 1103 648 1202 possit
661 1103 828 1201 accipere
844 1125 961 1200 usque
976 1102 1023 1173 ad
1035 1101 1155 1176 soldos
1172 1101 1298 1178 docem
1315 1104 1446 1182 tortiol.

388 1235 426 1295 et
444 1227 524 1293 'non
550 1218 645 1292 ultra
670 1220 709 1290 in
734 1219 855 1317 aliquo
888 1205 1137 1319 predictorum
1162 1245 1330 1312 casuum3
1356 1217 1447 1297 etsi

388 1338 700 1437 ultra'receperit‚
718 1339 889 1437 puniatur
913 1337 959 1411 de
985 1337 1081 1410 facto
1108 1354 1145 1410 et
1169 1337 1305 1439 absque
1324 1339 1446 1439 aliquo

387 1481 559 1558 processu
585 1455 663 1529 talis
689 1481 856 1556 campsor
872 1456 928 1528 vel
946 1457 1113 1555 receptor
1138 1458 1177 1528 in
1201 1456 1303 1529 libris
1319 1457 1446 1537 decem

386 1574 520 1649 tertiol.
547 1599 613 1673 pro
647 1575 811 1672 qualibet
842 1576 921 1647 vice
947 1588 985 1646 et
1008 1574 1103 1646 ultra
1135 1577 1173 1646 in
1202 1575 1446 1677 quadruplum

387 1695 480 1787 eins,
499 1693 598 1792 quod
622 1692 782 1767 indebite
807 1695 1002 1793 acceperit;
1020 1705 1057 1766 et
1074 1693 1230 1792 quilibet
1251 1695 1367 1793 possit
1382 1717 1447 1768 no·

387 1809 523 1886 liticare
540 1825 578 1885 et
593 1812 803 1884 denuntiare
818 1837 882 1884 seu
899 1809 1034 1884 referre
1047 1836 1169 1884 coram
1185 1811 1320 1885 vicario
1338 1809 1444 1886 offitii

386 1933 637 2031 provisionum
647 1941 690 2002 et
704 1953 937 2030 quocumque
952 1929 1020 2002 alio
1037 1930 1236 2003 iusdicsnto
1250 1931 1286 2001 in
1300 1933 1446 2007 civitate

338 2091 340 2096 ·
387 2046 602 2141 Mediolani,
628 2060 665 2119 et
689 2046 825 2120 habeat
845 2047 1071 2121 medietatem
1097 2047 1191 2120 dicte
1226 2072 1320 2148 pene
1343 2054 1378 2141 ¹,
1407 2063 1446 2122 et

388 2165 455 2238 alia
480 2165 653 2238 medietas
679 2166 717 2237 in
741 2190 896 2239 comune
926 2165 1123 2238 Mediolani
1153 2168 1345 2264 perveniat.
1371 2165 1447 2248 No-¹

283 2309 285 2313 ’
389 2285 470 2368 tarii
485 2307 573 2356 vero
588 2285 765 2356 canevarii
782 2285 947 2354 comunis
971 2281 1172 2354 Mediolani
1189 2284 1348 2382 recipere
1364 2309 1448 2384 pos-

389 2401 461 2474 sint
495 2427 612 2500 usque
654 2402 700 2474 ad
737 2400 887 2501 duplum
925 2401 1170 2500 predictarum
1208 2404 1448 2500 quantitatum·

388 2521 552 2619 superius
570 2532 782 2593 tassatarum
800 2545 873 2621 ¹pro
899 2518 1188 2593 confessionibus
1213 2519 1447 2611 solutionum,

388 2663 477 2738 quas
503 2637 627 2710 satient
651 2652 688 2711 et
711 2640 806 2736 parti
831 2635 989 2730 dabunt,
1006 2649 1045 2711 et
1061 2663 1130 2738 pro
1156 2638 1388 2711 cannellando
1410 2651 1448 2711 ot

387 2755 578 2829 scribendo
592 2756 847 2828 canzellaturas
860 2755 916 2828 vel
933 2759 1183 2855 suspensiones
1198 2781 1309 2857 super
1326 2755 1448 2854 aliqua

389 2875 713 2974 condempnatione
745 2888 783 2949 et
814 2901 889 2948 non
920 2874 1014 2948 ultra
1047 2875 1114 2947 suh
1146 2875 1310 2974 predicta
1335 2875 1446 2974 pena,

388 3017 460 3092 que
486 2995 648 3090 exigatur
679 2992 726 3067 de
758 2991 852 3066 facto
878 2994 1015 3090 absque
1046 2992 1166 3092 aliquo
1192 3017 1385 3093 processu,
1412 3005 1449 3064 et

389 3111 577 3208 perveniat
601 3124 643 3184 ut
668 3136 787 3211 supra.

441 3226 628 3326 CXXXV.
655 3228 711 3301 De
737 3233 931 3335 lassatione
955 3234 1144 3304 sanationis
1165 3234 1301 3303 notarii
1323 3230 1372 3302 da
1392 3227 1445 3328 os·

378 3348 468 3442 fitio
489 3369 563 3448 pro
588 3350 710 3419 multis
734 3353 937 3449 scripwris.
1359 3375 1360 3380 ¹

441 3463 534 3554 Quia
553 3463 591 3537 in
608 3461 750 3536 statutis
774 3487 849 3536 non
867 3474 923 3536 est
940 3463 1169 3561 singulariter
1190 3459 1283 3536 facta
1302 3461 1446 3534 tassatio

390 3579 629 3656 desolatione
644 3581 918 3656 notariorumde
932 3578 1114 3674 cisiliaco
1125 3579 1228 3682 quod
1239 3603 1313 3652 non
1321 3591 1449 3680 potest

389 3697 436 3772 de
454 3698 544 3801 ipsis
561 3699 686 3794 haberi
702 3701 891 3791 memoria,
909 3697 1162 3802 idcirchoper
1185 3696 1337 3794 offitium
1354 3723 1449 3797 pro-

389 3808 570 3888 vixionum
597 3844 679 3890 cum
711 3817 969 3893 ddiberatione
991 3842 1055 3897 sex
1075 3830 1358 3919 procuratorum
1386 3813 1449 3887 liat

390 4091 408 4134 t
434 4103 448 4132 ι
467 4075 583 4152 pecunie
603 4105 614 4132 a
632 4085 718 4152 (cod.
731 4087 851 4154 proed).
