3416 5054
385 415 474 486 tium
491 426 530 484 et
544 409 719 486 terminus
740 409 981 500 solutionum,
1004 425 1042 480 et
1060 412 1097 478 io
1113 410 1167 480 eis
1182 409 1285 481 libris
1302 429 1441 509 semper·

384 529 590 602 scribantur
615 527 824 620 solutiones,
841 530 937 599 sicut
961 526 1051 598 fient
1075 527 1123 598 de
1139 549 1262 598 mense
1282 528 1440 598 iumen

385 671 462 721 sem
486 662 523 722 et
547 650 593 721 de
618 648 838 719 terminoiu
865 646 1058 717 terminum
1083 667 1152 744 per
1178 653 1361 742 emptores
1386 643 1440 716 di·

384 779 527 840 ctorum
553 766 735 838 detiorum
768 789 831 836 seu
861 763 1098 862 pedagiorum
1128 757 1322 834 cuiuslibet
1352 758 1440 832 dudi

383 897 422 956 et
452 886 687 982 intrateper
719 905 759 953 se
771 935 782 971 ,
816 905 890 952 non
924 877 1161 952 immiscendo
1195 880 1439 977 receptionem

384 1004 491 1073 unius
506 1001 595 1072 datii
612 1023 695 1072 cum
712 1001 920 1099 receptione
938 998 1103 1089 alterius,
1119 1021 1187 1070 nec
1204 995 1439 1068 immiscendo

383 1115 523 1218 aliquas
546 1118 632 1188 alias
657 1117 880 1214 receptiones
912 1099 1114 1214 aliquarum
1142 1117 1352 1186 intraturum
1378 1137 1440 1186 co-

382 1238 498 1308 munis
533 1233 728 1308 Mediolani
764 1257 848 1305 cum
880 1233 1148 1332 receptionibus
1180 1230 1322 1331 gubelle
1354 1230 1440 1303 salis

382 1352 645 1426 vel'datiorum
673 1353 838 1422 comunis
864 1351 1070 1424 Mediolani.
1195 1345 1198 1406 ἶ

435 1469 566 1541 CXIII.
594 1471 653 1544 De
675 1469 807 1542 eodem
893 1523 896 1528 -

433 1587 620 1664 Caneaurii
646 1590 811 1660 comunis
837 1587 1032 1660 Mediolani
1066 1609 1130 1658 seu
1156 1607 1281 1658 eorum
1307 1588 1439 1658 notarii

383 1706 542 1779 scribant
574 1704 611 1776 in
645 1705 715 1778 alio
749 1705 843 1778 libro
878 1727 1005 1776 omues
1039 1725 1212 1803 expensas
1245 1717 1283 1776 et
1314 1725 1440 1776 causas

386 1847 639 1924 expensarum,
658 1847 731 1922 quc
749 1822 835 1894 fient
853 1822 900 1894 de
916 1818 1072 1894 denariis
1087 1825 1249 1920 ipsorum
1261 1821 1441 1894 detiorum

389 1955 428 2014 et
443 1944 656 2014 intraturum
674 1954 712 2012 et
728 1943 843 2014 averis
861 1942 1025 2012 comunis
1041 1939 1252 2032 Mediolani,
1275 1953 1313 2012 et
1336 1942 1441 2012 cuius

386 2071 558 2159 precepto
575 2070 809 2158 expensatum
827 2059 888 2149 sit,
906 2082 975 2157 per
992 2079 1031 2129 se
1056 2073 1094 2130 et
1111 2059 1324 2156 separatim,
1348 2061 1441 2130 siout

384 2175 523 2248 dictum
549 2189 604 2248 est
630 2175 676 2246 de
699 2171 968 2276 receptionibus
993 2173 1172 2248 dictorum
1198 2173 1439 2251 denariorum.

437 2292 566 2365 CXIV.
592 2293 652 2366 De
673 2297 825 2366 cassinis
840 2308 874 2365 et
890 2293 1122 2386 molendinis,
1146 2315 1216 2394 que
1240 2309 1324 2366 sunt
1344 2297 1438 2365 inus

383 2433 544 2511 corpora
567 2426 777 2484 sanatorum
802 2407 1050 2508 registrundis.
1253 2409 1256 2416 ’

434 2527 581 2600 Domini
609 2553 667 2600 sex
693 2553 835 2603 camere
857 2532 1020 2601 comunis
1037 2529 1232 2602 Mediolani
1249 2541 1440 2601 uocantur

384 2671 427 2718 ex
443 2643 557 2717 offitio
576 2669 640 2716 suo
665 2648 849 2744 inquirere
876 2649 1035 2720 cassinas
1058 2661 1097 2719 et
1122 2645 1345 2740 molendina,
1369 2667 1440 2744 que

385 2777 467 2835 sunt
493 2762 585 2836 infra
611 2788 767 2864 corpora
792 2777 1019 2857 sanctorum,
1037 2777 1161 2863 etque
1177 2787 1253 2836 non
1269 2778 1441 2836 tenentur

387 2882 434 2953 ud
461 2881 711 2977 sustinendum
738 2905 848 2955 onera
878 2883 962 2954 cunr
986 2883 1174 2982 plebibus,
1204 2903 1268 2954 seu
1293 2905 1370 2982 que
1391 2896 1442 2955 te·
1506 2965 1508 2968 ,

283 3017 286 3022 ·
384 3012 518 3072 nentur
550 3001 772 3100 respondere
804 3001 976 3073 oneribus
1009 3027 1090 3072 cum
1123 3003 1266 3073 civitate
1293 3015 1329 3074 et
1354 2997 1440 3072 sub-

384 3117 498 3193 urbiis
523 3130 662 3189 tuntum
674 3173 685 3210 ,
718 3131 754 3190 et
778 3143 851 3192 non
877 3141 961 3190 cnm
987 3117 1166 3219 aliquibus
1191 3115 1378 3218 plebibus,
1403 3131 1440 3190 et

387 3236 434 3308 de
459 3234 553 3338 ipsis
564 3234 642 3308 fieri
659 3233 777 3306 lacere
796 3260 906 3307 unum
925 3235 1069 3308 librum.
1089 3238 1162 3326 Qui
1178 3236 1271 3308 liber
1285 3231 1441 3337 ponatur

360 3367 422 3428 'et
447 3365 593 3427 cuneus
617 3353 663 3425 ad
689 3376 876 3453 cunreranr⁴
899 3356 1064 3427 comunis
1081 3352 1315 3445 Mediolani,
1340 3367 1380 3426 et
1402 3351 1439 3422 in

384 3484 565 3572 perpetuo
588 3469 695 3570 plena
719 3467 809 3543 fides
827 3469 1062 3563 adhibeatur,
1079 3483 1123 3542 ut
1137 3470 1215 3572 ipsa
1233 3469 1439 3544 molendina

385 3601 422 3662 et
447 3591 603 3681 cassius,
630 3613 701 3688 que
727 3591 766 3660 in
791 3613 836 3662 eo
857 3589 952 3661 libro
971 3589 1103 3688 scripte
1123 3588 1276 3682 luerint,
1293 3611 1443 3690 respou-

384 3706 469 3780 dsro
496 3703 654 3780 debeant
679 3733 762 3780 cum
787 3709 932 3802 civitate
957 3708 1203 3781 etsuburbiis
1224 3721 1386 3799 tantum,
1405 3719 1442 3782 et
1509 3785 1512 3790 ,

385 3849 457 3895 non
484 3826 624 3923 possint
649 3825 817 3928 compelli
844 3823 890 3898 ad
916 3826 1166 3899 sustinendum
1192 3827 1312 3925 aliqua
1332 3824 1442 3897 onera

385 3965 467 4014 cum
493 3941 676 4040 aliquibus
702 3943 887 4044 plebibus3
915 3958 952 4018 et
978 3945 1141 4046 predicta
1167 3943 1260 4018 fiunt
1283 3965 1350 4042 per
1375 3942 1440 4027 doe

384 4059 500 4132 minos
526 4085 587 4132 sex
598 4117 609 4153 ,
626 4063 754 4133 citatis
779 4064 878 4160 prius
904 4063 967 4155 iis,
994 4083 1152 4161 quorum
1176 4064 1338 4134 merset
