3386 5122
1290 440 1339 488 m

291 541 432 643 quihus
472 539 525 616 ita
562 538 749 616 firmitatis
794 539 919 641 sigillo
960 537 1169 640 obsignatis
1210 539 1343 617 oivitas

290 675 419 744 nostra
446 687 601 768 semper
627 665 890 742 administrata
909 674 985 759 est,
1009 672 1055 740 ut
1072 689 1218 742 eanon
1237 665 1343 744 cives

289 800 435 870 tantum
466 792 506 867 in
532 791 699 893 publicis
733 791 969 892 privatisque
1003 791 1117 868 rebus
1144 801 1343 893 regerent,

276 912 1344 1018 'mmfflmwmwmfflmwwmm

284 1047 340 1122 »ad
366 1069 465 1145 quae
493 1044 753 1121 describenda·
782 1041 1003 1144 frequentes
1036 1043 1207 1143 undique
1240 1044 1344 1147 lega-

291 1170 416 1248 tiones
443 1171 518 1248 huo
545 1170 786 1248 ventitarunt.

342 1297 523 1376 Codicem
559 1296 789 1373 Statutorum
823 1296 875 1371 ita
910 1295 1200 1393 concinnatum,
1235 1297 1345 1374 ouius

293 1422 484 1524 integrum
498 1422 693 1524 exemplar
708 1421 747 1498 in
762 1422 1006 1498 Ambrosiana
1026 1421 1096 1498 hac
1107 1421 1346 1512 Bibliotheca

293 1557 540 1645 asservatur,
566 1572 642 1644 non
670 1548 832 1648 exiguae
860 1547 1015 1648 quidem
1047 1548 1161 1624 molis
1187 1547 1347 1624 iisdem-

288 1699 366 1776 sque
396 1682 502 1751 octo·
522 1674 692 1776 partibus
721 1673 974 1771 distinctum*
989 1697 1099 1750 anno·
1124 1671 1350 1751 uonccnxxx·

293 1802 424 1902 praelo
437 1777 649 1900 *magnaex
668 1807 773 1900 parte
800 1799 956 1875 excudit
982 1799 1187 1875 Mediolani
1204 1799 1346 1878 Paulus

294 1926 482 2022 snardus,
508 1924 761 2002 nihilominus
786 1924 888 2000 haud
915 1923 1029 2001 facile
1048 1949 1148 2002 nune
1166 1949 1351 2026 quaeren-

294 2051 397 2129 tibus
425 2052 581 2131 obvium
609 2073 657 2128 ex
682 2075 811 2128 rerum
833 2051 1074 2151 antiquarum
1102 2052 1293 2130 oblivione
1311 2051 1350 2130 i'n

285 2177 361 2254 ius
379 2186 554 2256 nostrum
572 2177 732 2280 irrepta3
757 2178 826 2254 sed
843 2176 910 2254 ille
929 2176 1236 2256 iurisdietionum
1254 2179 1352 2278 liber

284 2301 401 2380 aenio
419 2303 497 2378 iam
515 2299 714 2379 consectus
740 2302 937 2403 hucusque
957 2302 996 2378 in
1014 2302 1200 2380 librorum
1226 2305 1350 2414 thecis

295 2428 450 2506 abditus
466 2428 712 2529 ineditusque
731 2428 857 2530 ignota
877 2451 991 2506 causa
1011 2429 1178 2524 delituit,
1199 2439 1309 2531 atque
1329 2457 1349 2507 a

296 2557 498 2632 doctorum
525 2553 725 2632 hominum
743 2555 930 2632 memoria
948 2557 1231 2657 pene-evanuit.
1258 2557 1351 2632 Cum

297 2705 388 2760 vero
407 2682 514 2782 leges
532 2704 608 2758 non
623 2681 673 2757 ·in
694 2690 845 2786 tempus
864 2681 1035 2782 aliquod,
1055 2683 1125 2758 sed
1141 2691 1349 2784 perpetuae

294 2807 470 2884 utilitatis
498 2831 613 2886 nausa
640 2807 681 2882 in
715 2815 916 2896 aeternum
934 2810 1046 2885 iotae
1081 2808 1233 2907 sinte),
1262 2805 1352 2910 op'e-

294 2956 362 3010 rae
388 2932 555 3032 pretium
585 2933 727 3010 censui*
744 2933 917 3011 libellum
948 2934 1051 3012 iiunc
1079 2958 1167 3013 111111
1193 2934 1348 3012 Statutis

285 3055 610 3134 iurisdictionum
646 3081 745 3134 anno
778 3083 860 3134 unu
895 3057 1029 3159 positis
1056 3055 1349 3136 similitudinem
1405 3147 1406 3152 Ν

293 3181 620 3285 praeseferentem
660 3191 833 3260 veterum
866 3184 1014 3286 patriae
1049 3193 1202 3264 nostrae
1233 3183 1349 3264 insti

295 3318 463 3386 tutorum
496 3307 682 3386 studiosis
716 3334 929 3413 proponere
964 3311 1351 3413 (1111111111111111

292 3433 375 3514 iura
406 3434 602 3528 exhibeat,
631 3460 729 3536 quae
762 3461 862 3514 usus
903 3439 1074 3539 coarguit
1113 3447 1151 3515 et
1183 3446 1349 3514 mutatus

292 3560 530 3663 reipublicae
570 3570 691 3640 status
726 3561 877 3638 inutilia
917 3563 1050 3662 fecit),
1092 3565 1349 3665 historiaeque

293 3697 630 3764 monumentorum
657 3711 824 3765 messem
852 3715 1011 3791 augere,
1039 3692 1142 3790 quod
1163 3715 1254 3766 sane
1283 3690 1351 3767 ali-

293 3813 1347 3915 wamffimemnmmtffim,mdmommm,

274 3936 1349 4044 omfflffldmmffimmlmmapwffisffiim

301 4220 337 4291 a>
353 4222 404 4278 rit.
423 4223 480 4282 niv.
499 4225 605 4282 unior.
621 4224 668 4280 tto.
687 4231 733 4281 rv.
803 4285 806 4301 ‚
830 4236 833 4242 ·
