3416 5054
410 274 457 340 ts

406 390 436 460 si
467 387 666 484 pontenarii
699 385 756 456 vel
791 385 959 461 custodes
995 401 1180 484 portorum
1215 388 1371 463 civitatis
1404 387 1462 466 vol

404 504 545 578 datiarii
569 503 624 574 vel
642 505 847 581 traversarii
866 501 1084 576 abstulerint
1106 497 1384 604 velreoeperint
1405 505 1463 584 vel

406 623 623 694 extorserint
653 620 791 718 aliquid
824 620 1010 712 indebite3
1043 634 1080 696 at
1113 622 1145 692 si
1161 622 1345 698 'custodes
1367 614 1462 700 stra-

404 751 521 814 tarum
547 751 584 812 et
609 763 728 809 rerum
755 738 1031 810 interdictarum
1057 753 1094 814 et
1119 740 1289 815 custodes
1312 763 1379 820 seu
1395 727 1464 817 sol

406 857 533 928 datarii
567 855 703 928 domini
736 857 930 954 potestatis
966 854 1166 930 Mediolani
1200 883 1264 929 seu
1299 859 1464 934 comunis

404 973 603 1051 Mediolani
632 972 689 1046 vel
719 973 780 1049 alii
813 971 983 1046 offitiales
1016 973 1153 1072 aliquid
1183 977 1389 1074 receperint
1417 975 1464 1050 ab

319 1145 321 1150 -
405 1091 586 1189 aliquibus
609 1090 821 1165 comunibus
839 1092 1058 1189 burgorum,
1079 1090 1241 1169 locorum
1264 1091 1322 1172 vel
1338 1091 1386 1166 ab
1403 1093 1465 1167 ali·-

401 1210 539 1308 ,qu‘ibus
565 1206 804 1307 singularibus
826 1209 990 1307 personis
1013 1208 1135 1282 veleb
1158 1209 1279 1307 aliqua
1302 1210 1372 1283 alta
1388 1212 1465 1283 uni-

406 1327 597 1417 versitate,
614 1327 810 1400 occasione
828 1326 1008 1424 lignorum
1026 1327 1084 1405 vel
1101 1351 1272 1425 raparum
1289 1324 1346 1402 vel
1364 1339 1465 1402 uteo·

407 1443 527 1520 silium
544 1443 674 1517 domus
686 1442 745 1516 vel
762 1443 881 1540 aliqua
899 1442 969 1516 alia
982 1446 1189 1536 sermione,
1196 1445 1294 1522 ‘ultra
1310 1444 1354 1516 id·
1363 1446 1465 1542 quod

407 1586 620 1636 eoncessum
637 1573 693 1633 est
715 1563 791 1649 eis3
815 1573 852 1634 et
875 1563 905 1635 si
923 1563 1115 1637 servitores
1133 1561 1251 1639 eundo
1269 1587 1335 1661 per
1352 1563 1465 1640 comi·

407 1691 521 1754 tatum
550 1678 691 1776 ¹aliquid
723 1681 930 1778 receperint
959 1677 1217 1776 abaliquibus
1251 1679 1466 1762 conantibus
1518 1663 1520 1668 Ι

406 1798 610 1894 burgorum
648 1809 686 1869 et
716 1796 879 1869 locorum
911 1795 968 1870 vel
1004 1796 1186 1894 aliquibus
1226 1797 1467 1893 singularibus

407 1915 593 2015 personis,
625 1913 720 1988 ultra
748 1915 785 1984 id
812 1913 911 2010 quod
937 1913 1073 1988 debant
1102 1914 1260 2005 liabere3
1293 1928 1344 1989 et·
1360 1918 1467 1994 enan

408 2044 598 2107 teneantur
623 2031 716 2114 infra
740 2045 821 2107 octo
847 2031 923 2107 dies
950 2031 995 2103 ab
1022 2033 1181 2131 introytu
1207 2033 1262 2106 sui
1285 2033 1468 2129 regiminis

408 2149 527 2227 lacere
552 2150 685 2240 eridani
709 2176 776 2248 per
807 2152 988 2223 civitatem
1022 2149 1244 2241 Mediolani,
1276 2151 1314 2229 si.
1336 2148 1467 2247 aliquis

408 2267 486 2342 nult
518 2268 640 2348 dicere
672 2280 800 2342 eontra
836 2266 914 2338 illos
953 2263 1118 2346 offitiales
1153 2280 1191 2345 et
1224 2291 1397 2367 personas
1430 2280 1468 2346 et

410 2411 548 2478 omnes,
569 2411 662 2484 quos
681 2387 882 2459 invenerint
907 2383 1070 2457 fraudem
1093 2386 1152 2466 vel
1171 2398 1296 2465 eontra
1314 2381 1467 2465 offitium

411 2529 515 2580 suum
541 2505 730 2579 comixisse
756 2503 813 2576 vel
838 2500 985 2592 fecisse,
1009 2501 1067 2576 vel
1083 2516 1211 2584 contra
1229 2501 1468 2607 prasinam

409 2619 556 2719 aliquod
573 2619 822 2719 predictorum
839 2619 985 2710 iecisse,
1005 2633 1196 2715 teneantur
1210 2635 1273 2702 sos
1291 2633 1330 2696 et
1345 2643 1471 2718 quom·

409 2739 500 2812 libet
516 2763 641 2815 eorum
657 2737 752 2812 infra
770 2739 979 2837 quindecim
1000 2737 1078 2815 dies
1096 2736 1469 2837 condempnarenbs·

410 2883 481 2954 que
507 2856 629 2954 aliquo
656 2879 831 2955 processu
854 2858 892 2928 in
911 2855 1154 2954 quadruplum
1173 2858 1319 2935 comuni
1336 2854 1472 2935 ueste

409 2975 483 3046 lani
508 2974 556 3050 de
582 2969 681 3048 omni
699 2998 756 3065 eo,
775 2975 874 3071 quod
898 2975 1124 3073 reperiretur
1151 2996 1213 3050 eos
1237 2972 1470 3052 velaturus

411 3115 537 3173 sorum
561 3094 740 3190 recepisse
763 3091 819 3169 vel
837 3093 1006 3168 habuisse
1030 3093 1068 3166 in
1085 3090 1251 3169 fraudem
1268 3091 1324 3170 'sui
1340 3087 1470 3179 offitii,

408 3212 465 3289 rel
499 3223 626 3286 contra
658 3209 811 3282 formam
845 3211 931 3284 iuris
965 3211 1021 3286 vel
1054 3221 1274 3286 statutorum
1306 3210 1470 3286 comunis

409 3329 627 3418 Mediolani3
648 3340 685 3400 et
703 3329 959 3406 nichilominus
978 3328 1022 3405 ad
1040 3328 1305 3406 restitutionem
1320 3325 1471 3430 dampni

411 3463 447 3524 et
472 3449 669 3548 dampnum
698 3469 814 3545 passo.
845 3447 894 3518 Et
927 3447 1028 3543 quod
1057 3445 1213 3544 predicti
1243 3441 1380 3518 domini
1410 3465 1474 3522 sax

409 3579 603 3640 teneantur
624 3589 842 3665 procurare,
868 3564 966 3660 quod
992 3589 1100 3642 omne
1126 3563 1165 3637 id
1193 3559 1293 3661 quod
1319 3557 1470 3658 debetur

408 3696 446 3760 et
475 3685 667 3760 debebitur
698 3685 845 3758 comuni
874 3682 1073 3761 Mediolani
1102 3703 1335 3779 quacumque
1367 3703 1471 3754 oeca-

406 3804 532 3892 xione,
565 3804 602 3874 io
634 3823 791 3876 comune
823 3798 1020 3877 Mediolani
1053 3799 1265 3899 perveniam
1301 3808 1338 3872 et
1369 3793 1471 3893 quos

404 3932 599 4004 'mudantur
613 3941 809 4018 proouraro
825 3919 926 4024 quod
943 3930 1085 4017 pontes,
1101 3918 1352 4013 qui'tenonttu·
1363 3929 1475 4011 super

411 4038 533 4125 stratis
551 4037 764 4116 mnsnisnet
776 4039 817 4118 in
833 4038 901 4116 alin
918 4034 1252 4136 perstringentes
1267 4030 1473 4118 refanum
