3386 5122
432 299 477 369 50
1319 367 1325 376 .

424 429 461 486 et
485 424 596 511 prout
625 415 718 482 inter
748 423 865 511 partes
898 413 1129 498 convenerit·;
1164 423 1199 480 et
1231 411 1261 481 si
1293 411 1500 512 contingat

404 534 520 630 ipsos
539 530 869 628 duos‘iurisperitos
888 553 962 600 non
980 553 1058 600 esse
1076 528 1293 620 concordes,
1311 525 1499 628 ellig'atur

421 673 486 748 pen
515 650 614 747 ipsos
642 649 734 719 duos
764 649 989 746 iurisperitus
1022 648 1150 717 tertius
1178 645 1418 746 iurisperitus
1449 649 1498 719 de

421 790 570 836 numero
589 763 851 836 confidentium
866 761 1069 836 dandorum
1085 766 1122 834 in
1141 763 1286 863 scriptis
1300 789 1375 863 per
1395 767 1498 863 ipsas
1521 821 1523 827 ,

312 915 316 924 ·
420 899 564 983 partes5
592 883 754 981 alioquin
781 882 881 953 dicto
909 896 1076 981 exempto
1103 881 1303 980 denegetur
1328 883 1498 982 perdo

420 1004 557 1073 minum
585 1000 782 1072 Mediolani
809 1014 847 1072 et
871 1025 937 1098 per
961 1000 1149 1072 dominum
1166 1012 1394 1098 potestatem
1416 1001 1498 1073 Me-

421 1113 559 1191 diolani
586 1131 624 1192 et
649 1120 840 1217 utriusque
873 1115 1000 1190 eorum
1023 1119 1186 1189 ,vicarios
1213 1131 1251 1190 et
1278 1119 1426 1190 iudices
1459 1133 1496 1191 et

403 1321 406 1326 ,
421 1259 673 1335 quoscumque
693 1234 783 1304 alios
801 1229 1018 1306 iusdicentes
1037 1235 1074 1303 in
1093 1231 1236 1312 civitate
1253 1249 1291 1307 et
1308 1237 1496 1308 comitatu

419 1353 617 1425 Mediolani
644 1353 760 1424 omnis
785 1355 963 1449 protectio
991 1365 1027 1423 et
1053 1349 1215 1424 defensio
1242 1352 1388 1424 domini
1415 1354 1519 1452 Me-¹

421 1471 556 1543 diolani
583 1483 621 1543 et
645 1470 837 1570 potestatis
864 1483 901 1541 et
925 1467 1102 1540 comunis'
1123 1469 1343 1562 Mediolani3
1374 1485 1416 1545 et
1445 1472 1494 1542 de

419 1590 490 1661 hoc
516 1587 582 1660 fiat
607 1588 708 1660 crida
733 1588 888 1688 publice*
903 1587 948 1660 ad
975 1586 1128 1659 schallas
1154 1586 1291 1687 pallatii
1314 1592 1406 1660 novi
1430 1614 1494 1660 co·

420 1705 537 1778 munis
563 1706 760 1780 Mediolani
787 1733 829 1778 ex
855 1723 958 1805 parte
983 1707 1095 1805 ipsius
1121 1705 1258 1796 domini
1276 1709 1490 1804 potestatis.

420 1827 467 1897 Et
477 1815 607 1896 'nullus
624 1825 789 1897 subditus
803 1824 952 1897 domino
966 1826 1137 1923 potestati
1153 1823 1352 1896 Mediolani
1367 1819 1494 1924 possit

420 1955 502 2014 cum
531 1944 610 2040 ipso
636 1942 729 2013 inire
754 1941 911 2038 aliquem
937 1955 1162 2013 contractum
1183 1967 1249 2013 nec
1268 1946 1395 2040 quasi,
1416 1967 1490 2015 nec

421 2059 572 2160 aliquod
607 2061 887 2150 commerzinm3
923 2073 960 2130 et
993 2061 1023 2130 si
1058 2059 1147 2156 quid
1182 2060 1219 2128 in
1244 2062 1486 2132 eontrarium

419 2177 553 2250 laetum
579 2177 706 2268 fuerit,
733 2179 914 2277 quatenus
942 2178 1106 2250 tenderet
1131 2180 1167 2248 in
1193 2177 1395 2279 dampnum
1421 2177 1486 2251 ¹vel

416 2297 652 2397 preiuditium
678 2296 814 2368 subditi
840 2297 987 2367 domino
1016 2308 1053 2368 et
1072 2299 1253 2395 'potestati
1275 2309 1311 2368 et
1328 2297 1484 2368 comuni

305 2419 307 2424 ’
416 2415 646 2508 Mediolani,⁴
663 2414 794 2486 nullius
821 2415 868 2486 sit
894 2413 1028 2485 valoris
1054 2427 1091 2484 et
1115 2416 1307 2504 momenti3
1331 2441 1405 2513 que
1426 2441 1486 2486 ex·

418 2535 552 2632 emptio
570 2548 606 2605 et
624 2559 755 2633 penna,
774 2533 819 2605 de
838 2532 970 2632 quibus
988 2557 1096 2632 supra
1115 2529 1157 2602 lit
1174 2533 1328 2625 mentm,
1346 2533 1485 2604 haheat

347 2716 350 2724 .
418 2650 540 2722 locum
566 2649 681 2724 donec
713 2650 831 2722 dictus
864 2661 1053 2749 exemptus
1087 2675 1192 2720 sunm
1219 2649 1344 2722 fecerit
1376 2675 1481 2722 com·

368 2753 370 2757 V
420 2770 655 2869 promissum,
673 2783 710 2842 et
735 2756 1006 2869 compleuerit⁵
1033 2781 1199 2840 contenta
1226 2771 1263 2839 in
1290 2769 1385 2840 dicta
1414 2769 1481 2840 de-

421 2889 654 2960 nuntiatione.
934 2877 939 2886 ¹

469 3002 570 3074 Idem
593 3012 760 3077 'servetur'
786 3005 823 3073 in
851 3001 1018 3074 omnibus
1045 3015 1081 3074 et
1102 3025 1168 3099 per
1187 3003 1329 3095 omnia,
1348 3005 1378 3074 si
1397 3004 1480 3101 quis

420 3120 586 3194 subditus
613 3122 851 3194 iurisdictioni
877 3121 1015 3192 domini
1040 3122 1230 3218 potestatis
1258 3134 1296 3192 et
1313 3123 1479 3194 comunis

419 3239 615 3313 Mediolani
641 3265 787 3312 movere
812 3238 971 3311 voluerit
993 3238 1150 3335 aliquam
1170 3261 1314 3310 causam
1324 3297 1336 3333 ,
1354 3240 1478 3332 litem,

417 3361 644 3458 questionem
671 3359 727 3430 vel
755 3359 1036 3430 controversiam
1063 3359 1190 3428 eontra
1215 3357 1374 3458 aliquam
1400 3360 1476 3428 uni-

417 3479 625 3551 versitatem
653 3491 904 3577 exemptorum
931 3501 951 3547 a
977 3475 1123 3548 domino
1150 3475 1433 3576 archiepiscopo

469 3596 583 3667 LXX.
618 3597 673 3666 De
706 3595 952 3668 iurisdictione
981 3610 1017 3666 et
1042 3593 1150 3698 ‹fftio
1181 3599 1387 3667 consultum
1419 3601 1474 3667 iu-

422 3717 515 3785 stitie
541 3714 747 3788 Mediolani.

385 3909 391 3922 ¹
469 3829 658 3904 Consulles
691 3835 829 3906 iustitie
869 3829 1067 3905 Mediolani
1099 3847 1134 3906 et
1160 3833 1315 3931 quilibet
1350 3857 1472 3906 eorum

420 4109 437 4152 a
464 4121 477 4150 ι
497 4096 689 4167 adimpleverit
707 4121 718 4146 υ
739 4101 816 4166 (ced.
834 4105 863 4153 B.
884 4099 936 4165 ts).
