3416 5054
413 294 460 358 to

407 420 442 478 et
466 405 699 476 sacratissimi
728 428 771 474 ac
802 401 1013 476 venerabilis
1047 397 1205 472 doctoris
1235 416 1464 494 sacrosancte

406 543 557 593 romane
582 519 732 592 ecclesie
758 533 796 592 et
819 518 1015 619 dignissimi
1042 518 1205 616 presulis,
1235 515 1465 614 confessoris,

408 641 551 741 patroni
576 651 614 710 et
638 639 787 737 piissimi
812 633 1012 710 defensoris
1037 633 1143 709 buius
1169 636 1263 708 alme
1283 636 1405 729 ‘urbis3
1430 652 1467 710 et

408 760 470 857 qui
496 754 773 848 contrafecerit,
808 769 931 853 preter
958 755 1034 826 ‘iras
1059 767 1098 828 ct
1126 779 1263 856 pennas
1289 755 1466 849 celestes,

410 901 502 974 quas
535 875 656 946 allen
687 886 874 971 expectet,
910 897 1066 970 pennam
1100 875 1263 944 incurrat
1294 872 1467 946 librarum

407 993 692 1092 vigintiquinque
718 990 944 1063 tertiolorum
971 992 1113 1061 comuni
1150 989 1345 1064 Mediolani
1375 989 1466 1064 infe-

411 1111 561 1184 rendam
576 1135 585 1198 3
600 1122 651 1186 ,et
676 1109 829 1208 quilibet
854 1122 1034 1207 potestas,
1061 1110 1124 1208 qui
1149 1134 1216 1207 pro
1245 1111 1466 1208 temporibus

408 1231 500 1322 erit,
530 1229 637 1300 tercia
673 1227 731 1298 die
766 1238 849 1298 ante
875 1225 1125 1318 festivitatem,
1156 1239 1241 1298 tunc
1266 1229 1303 1298 in
1329 1227 1468 1326 pupulli

409 1347 559 1418 civitatis
585 1357 622 1418 et
654 1344 908 1417 suburbiorum
934 1346 1060 1416 notitia
1090 1368 1179 1416 voce
1204 1346 1376 1442 preconia
1397 1345 1469 1418 sub

407 1487 526 1562 penna
552 1463 658 1536 simili
676 1460 782 1535 fatiat
807 1464 1000 1562 pervenire.

444 1663 446 1668 ¹
461 1579 671 1654 Oblationes
688 1606 757 1680 pro
775 1579 1010 1680 infrascriptis
1032 1575 1282 1652 festivitatibus
1300 1579 1387 1653 fiant
1401 1607 1470 1680 per

410 1724 563 1772 comune
581 1697 778 1772 Mediolani
794 1697 1031 1796 infrascriptis
1044 1695 1169 1781 diebus
1183 1697 1348 1797 quolibet
1360 1723 1467 1791 atino,

409 1831 446 1892 et
471 1816 600 1890 dentur
626 1843 691 1918 per
716 1841 872 1888 comune
891 1814 1085 1888 Mediolani
1111 1813 1344 1914 infrascriptis
1371 1820 1467 1916 capi-

410 1936 493 2008 tulis
519 1950 560 2007 ut
585 1935 701 2026 infra,
726 1934 917 2007 videlicet:
1294 1937 1298 1945 ’
1357 2013 1361 2022 ,

462 2052 649 2124 Fratribus
676 2051 867 2124 Servorum
892 2077 918 2122 s.
943 2051 1058 2124 Marie
1074 2077 1142 2151 pro
1159 2051 1252 2126 festo
1270 2077 1349 2144 suo,
1367 2053 1468 2151 quod

410 2182 467 2244 est
496 2171 552 2242 die
582 2170 742 2244 secundo
774 2165 970 2261 februarii,
999 2171 1081 2241 libr.
1109 2170 1366 2269 quinquaginta
1394 2185 1466 2244 ter-

415 2289 596 2362 tiolorum.

460 2405 648 2478 Fratribus
675 2407 720 2480 de
748 2405 928 2478 Carmello
955 2407 1012 2478 die
1038 2432 1109 2479 xxv
1131 2408 1252 2478 martii
1268 2393 1349 2484 libr.
1367 2407 1469 2508 quiu-

405 2527 578 2624 quaginta
607 2525 839 2598 tertiolorum.

460 2642 644 2714 Fratribus
669 2641 960 2716 Predicatoribus
986 2634 1033 2716 ad
1058 2669 1085 2714 s.
1109 2644 1258 2716 Petrum
1278 2657 1469 2742 martyrem

410 2759 468 2832 die
502 2785 585 2831 xm
620 2762 740 2860 aprilis
771 2759 852 2832 libr.
879 2772 1022 2833 centum
1049 2762 1308 2861 quinquaginta
1338 2761 1472 2834 tertiol.

461 2877 650 2952 Fratribus
684 2906 711 2951 s.
743 2880 842 2951 Petri
874 2876 1045 2954 Celestini
1076 2879 1132 2955 dic
1161 2903 1249 2954 xxix
1279 2881 1363 2954 maii
1388 2878 1467 2952 libr.

409 2998 670 3097 quinquaginta
696 2996 926 3072 tertiolorum
941 3003 968 3068 Α.

458 3112 679 3186 Monasterio
705 3141 733 3186 s.
761 3116 919 3188 Dioriixii
946 3116 1004 3188 die
1030 3122 1119 3187 xxm
1139 3140 1260 3190 mense
1292 3116 1376 3190 maii
1400 3140 1468 3214 pro

405 3231 500 3308 festo
527 3256 553 3303 s.
578 3229 732 3304 Dionixii
757 3231 820 3306 lib.
846 3235 1105 3333 quinquaginta
1132 3233 1369 3309 tertiolorum.

457 3348 626 3450 Capitulo
649 3352 929 3424 canonichorum
952 3377 978 3428 s.
997 3351 1186 3425 Kalimerii
1202 3377 1269 3452 pro
1289 3349 1381 3424 festo
1403 3375 1471 3424 suo.

407 3465 464 3540 die
490 3468 618 3540 ultimo
643 3466 732 3542 iullii
758 3467 818 3540 lib.
847 3493 944 3540 xxxii
971 3468 1210 3542 tertiolorum.

410 3847 428 3894 t
455 3861 468 3887 r
487 3839 628 3896 Fratribus
645 3856 666 3895 s.
686 3841 760 3896 Petri
778 3838 909 3898 celestini
927 3840 972 3896 die
990 3856 1040 3898 xix
1059 3840 1124 3896 maii
1141 3855 1191 3916 pro
1208 3838 1278 3899 nno
1296 3855 1318 3896 s.
1337 3839 1459 3910 Dionysii

487 3945 499 3972 a
520 3923 601 3980 libras
619 3925 821 3998 quinquaginta
837 3925 1020 3981 tertiolorum.
1280 3929 1284 3936 “

519 4032 530 4056 ι
552 4008 692 4064 Fratribus
709 4010 862 4065 minoribus
879 4025 930 4081 pro
942 4010 1012 4065 testo
1024 4025 1045 4064 s.
1059 4010 1183 4065 Bernaba
1195 4010 1242 4066 die
1254 4025 1283 4064 ιι
1295 4007 1363 4066 iunii
1375 4007 1459 4066 libras

478 4115 500 4146 n
520 4092 720 4167 quinquagina
737 4093 910 4152 tertiolorum
929 4117 940 4144 r
962 4095 1045 4161 iCod.
1063 4097 1092 4149 S.
1110 4099 1143 4164 Q.
1162 4100 1192 4150 Ρ.
1209 4097 1245 4150 li.
1262 4099 1317 4165 ao).
1335 4143 1337 4148 ,
1359 4145 1380 4164 ,,
1401 4139 1403 4144 .
