3338 5042
389 259 478 331 ‘tto

400 375 498 474 quod
525 373 560 447 si
579 372 683 448 alicui
700 399 741 448 es
760 373 919 476 partibus
942 377 1132 478 placuerit,
1151 390 1314 450 teneatur
1340 391 1487 451 rector

401 495 502 565 istius
529 507 620 566 terre
646 492 875 592 questionem
894 497 1117 582 committere
1133 495 1238 567 alicui
1255 497 1482 595 iurisperito

399 597 609 705 Mediolani,
628 627 665 685 et
680 613 779 710 quod
806 613 1060 714 appellationes
1087 637 1157 713 que
1183 614 1481 713 interponerem

401 741 476 822 tur,
493 731 606 830 sique
623 733 915 832 interponantur,
941 731 1029 804 fiant
1054 747 1091 804 et
1115 735 1392 831 interponantur
1418 733 1480 806 ad

400 847 534 922 iudices
551 849 830 949 appellationum
847 850 1044 923 Mediolani
1065 875 1128 923 seu
1145 851 1294 924 alterum
1318 833 1478 943 eorum,

402 980 439 1039 et
464 993 584 1041 coram
611 971 662 1041 eis
688 969 907 1042 ventilentur
932 983 966 1041 et
991 969 1217 1042 diffiniantur
1242 983 1283 1040 ut
1306 969 1384 1042 alie.

503 1085 643 1187 Ripalte
670 1087 785 1160 librar.
814 1101 959 1160 centum
986 1089 1119 1161 tertiol.

503 1202 666 1277 Canturii
692 1204 811 1278 librar.
826 1191 1103 1304 ¹quinquaginta
1129 1205 1262 1277 tertiol.

503 1321 677 1396 Mandelli
703 1323 824 1396 librar.
851 1325 1108 1424 quinquaginta
1135 1309 1266 1398 tertiol.

504 1441 644 1514 Varexii
669 1441 790 1514 librar.
819 1443 1074 1543 quinquaginta
1101 1443 1233 1516 tertiol.

371 1659 373 1662 Ι
403 1547 406 1552 ’
504 1547 769 1633 Βοννὶἶίίὺνπ.
798 1545 1085 1660 vigintiquinque
1114 1561 1245 1636 te'rtiol.

400 1718 404 1726 ·
433 1665 435 1670 ’
504 1680 645 1752 Varene
670 1679 791 1750 librar.
818 1681 1106 1780 vigintiquinque
1134 1665 1294 1754 tertiolt⁸

503 1798 673 1896 Anglerie
699 1798 818 1870 librar.
845 1799 1134 1898 vigintiquinque
1161 1801 1306 1873 tertiol·
1369 1781 1372 1788 ¹

382 1971 385 1976 .
505 1915 677 1988 Gallarati
702 1917 823 1988 librar.
850 1918 1133 2016 vigintiquinque
1160 1901 1289 1990 tertiol.
1351 1987 1355 1998 ,
1401 1903 1404 1908 Δ

505 2033 760 2135 Habiatigrassi
787 2034 909 2106 librar.
934 2018 1223 2136 vigintiquinque
1250 2037 1382 2109 tertiol.

505 2153 730 2226 Caravazium
757 2153 876 2225 librar.
903 2155 1207 2252 quinquecentum
1233 2139 1363 2227 tertiol.

504 2274 614 2370 Burgi
640 2272 803 2344 Porlezie
827 2270 907 2343 libr.
936 2286 1081 2344 centum
1112 2274 1245 2344 tertiol.

457 2393 687 2467 CCXXVIII.
725 2391 834 2488 Quod
864 2398 1031 2466 centania
1058 2410 1093 2465 et
1117 2401 1363 2469 universitates
1389 2423 1461 2470 noar

403 2528 597 2588 exerceant
628 2515 913 2584 iurisdietionem
940 2519 977 2584 in
1004 2512 1252 2587 criminalibus
1286 2519 1323 2586 in
1351 2522 1461 2588 certis

404 2631 558 2706 casibus.
746 2731 747 2734 Ἴ

290 2737 297 2742 ’
454 2750 591 2850 Aliquis
617 2762 737 2823 rector
762 2748 908 2823 alicuius
925 2775 966 2821 ex
984 2751 1153 2850 predictis
1172 2731 1393 2823 comunibus¹
1405 2752 1460 2824 vel

405 2867 693 2942 universitatibus
714 2869 954 2969 predictarum
972 2882 1149 2941 terrarum
1166 2895 1240 2941 non
1256 2871 1386 2970 possit,
1404 2895 1460 2942 au-

405 2988 489 3061 deat
511 3013 579 3060 nee
598 3001 779 3086 presumat
810 3013 1032 3088 cognoscere
1061 2989 1099 3059 in
1126 2986 1369 3059 criminalibus
1395 3015 1459 3062 nec

404 3106 561 3179 diffinire
588 3104 632 3178 de
659 3107 780 3204 aliquo
808 3108 975 3198 crimine,
1000 3132 1042 3178 ex
1064 3132 1138 3204 quo
1164 3108 1346 3207 ingeratur
1369 3132 1459 3207 pena

405 3226 588 3326 sanguinis
622 3224 680 3297 vel
711 3224 928 3323 corporalis,
967 3249 1034 3297 nee
1065 3223 1127 3297 ubi
1159 3251 1252 3324 pena
1286 3228 1333 3298 sit
1364 3225 1457 3298 arbi-

404 3347 547 3417 tratoria
568 3345 605 3414 in
630 3368 734 3415 avere
752 3341 810 3415 vel
835 3367 1008 3441 persona,
1033 3367 1101 3415 nec
1122 3342 1185 3414 ubi
1200 3351 1294 3444 pena
1311 3343 1458 3417 excedat

402 3465 637 3564 quantitatem
675 3474 844 3534 tassatam
878 3464 916 3533 in
954 3461 1049 3534 dicto
1070 3445 1071 3448 Ἴ
1090 3474 1226 3535 statuto
1263 3462 1456 3563 incipiente

409 3611 425 3648 n
444 3581 609 3654 Comune
626 3578 732 3679 burgi
748 3583 859 3653 Leuci
877 3579 1010 3653 habeat
1032 3581 1316 3653 iurisdictionem
1336 3594 1406 3656 etc.
1422 3609 1454 3670 »ς

403 3700 468 3772 sed
485 3701 563 3801 ipse
581 3715 720 3795 rector,
739 3727 816 3772 eum
838 3725 940 3773 casus
958 3703 1171 3790 occurrerit,
1199 3699 1331 3774 debeat
1352 3725 1391 3772 se
1409 3685 1456 3772 in·

403 3816 574 3911 formare,
599 3833 635 3891 et
659 3833 768 3921 prout
793 3821 947 3919 poterit,
965 3821 1151 3892 veritatem
1177 3819 1394 3917 investigare
1415 3817 1454 3890 de

403 3937 639 4038 culpabilibus
666 3940 789 4010 talium
816 3940 1023 4030 criminum,
1043 3951 1080 4010 et
1096 3963 1135 4011 ea
1161 3963 1231 4038 que
1258 3938 1453 4041 reperierit,

397 4053 601 4130 notifficare
626 4070 663 4128 et
689 4059 872 4130 remittere
899 4056 1045 4129 domino
1071 4060 1241 4158 potestati
1266 4055 1456 4129 Mediolani
