3338 5042
1216 261 1289 338 tlt

230 375 330 462 libris
356 377 615 474 quinquaginta
638 372 785 467 tertiol,
813 389 849 448 et
874 373 976 448 locus
1002 376 1038 462 iu
1063 372 1163 448 libris
1180 377 1293 476 vigim

231 494 429 592 tiquinque
448 492 600 584 tertiol,
626 505 661 564 et
690 489 845 590 quilibet
879 505 1040 591 potestas
1070 506 1107 566 et
1131 491 1291 570 ofbtislis

230 596 394 694 inlibris
426 610 551 686 decem
587 610 716 684 tertiol.
745 633 812 710 pro
839 609 1011 712 quolibet.
1045 611 1145 682 Etsi
1171 611 1290 710 aliqua
1346 693 1348 700 ,

230 730 512 831 condempnatio
537 732 583 804 de
608 730 787 830 aliquibus
804 729 1048 829 potestatibus
1054 753 1066 824 3
1084 730 1290 805 consulibus

230 848 285 924 vel
312 848 522 922 offitialibus
547 850 602 922 vel
626 847 923 949 procuratoribus
950 845 1040 922 facta
1057 848 1167 922 fuerit
1184 869 1291 922 occa*

229 966 397 1040 xionibus
424 967 599 1068 predictis
615 967 672 1040 vel
699 968 817 1066 aliqua
845 989 988 1059 earum,
1007 965 1106 1066 quod
1127 966 1187 1040 illa
1203 993 1291 1039 conae

230 1086 439 1184 dempnatio
465 1088 512 1157 sit
538 1099 575 1158 et
600 1111 678 1158 esse
704 1085 833 1158 debeat
858 1099 996 1158 tantum
1023 1085 1068 1158 ad
1094 1085 1290 1186 dampnum

232 1217 270 1276 et
294 1203 496 1302 periculum
522 1230 668 1297 eorum,
687 1207 749 1300 qui
774 1202 910 1290 fuerint
930 1204 1191 1304 condempnati
1207 1229 1291 1304 pre·

231 1321 340 1394 dictis
373 1320 627 1396 occasionibus
653 1321 708 1394 uel
742 1322 860 1419 aliqua
886 1346 1026 1412 earum3
1053 1336 1091 1394 et
1120 1323 1219 1420 quod
1245 1322 1292 1394 de

232 1439 292 1512 illa
306 1440 360 1512 vel
378 1440 447 1512 illis
462 1440 851 1540 condempnationibus
867 1467 940 1512 non
953 1444 1068 1542 possit
1082 1441 1159 1514 sreri
1170 1440 1290 1540 aliqua

231 1556 323 1630 talea
349 1561 444 1631 inter
469 1558 633 1632 homines
658 1559 807 1632 alicuius
832 1560 1093 1652 universitatis,
1110 1584 1178 1632 nec
1204 1560 1291 1658 poni

231 1679 269 1747 in
282 1677 454 1768 conscilio
468 1677 514 1750 de
527 1703 569 1750 ea
585 1674 754 1750 satienda.
768 1679 819 1749 Et
835 1681 865 1749 si
884 1690 1008 1750 contra
1023 1676 1154 1752 lactum
1169 1675 1291 1765 firerit,

232 1794 519 1896 condempnetur
556 1795 709 1893 quilibet
746 1793 904 1868 offitialis
936 1797 974 1866 in
1006 1793 1109 1866 libris
1147 1796 1291 1895 viginti-

230 1916 391 2012 quinque
416 1913 561 2006 tertiol.,
586 1926 625 1986 et
651 1910 902 1986 nichilominus
927 1912 987 1986 illa
1012 1913 1103 1988 talea
1121 1915 1168 1984 sit
1192 1938 1292 1986 cassa

233 2043 271 2102 et
296 2033 413 2123 irrita,
431 2033 566 2131 etipse
586 2031 664 2104 iure
682 2032 730 2103 sit
746 2030 881 2104 nullius
893 2034 1071 2104 momenti
1087 2043 1126 2104 et
1142 2030 1291 2119 valoris;

96 2193 104 2206 ·
233 2163 270 2221 et
295 2150 462 2226 dominus
487 2163 648 2250 potestas
666 2153 797 2224 eteius
825 2150 963 2224 iudices
985 2151 1126 2251 possint
1144 2151 1188 2222 de
1207 2175 1292 2250 pre-

232 2269 338 2342 dictis
353 2281 390 2341 et
402 2268 567 2368 quolibet
576 2269 819 2369 predictorum
840 2271 1025 2369 inquirere
1039 2270 1245 2360 summarie,
1256 2281 1295 2340 et

189 2441 192 2451 .
232 2389 309 2460 sine
336 2389 490 2489 strepitu
515 2387 633 2460 iuditii
650 2388 929 2488 condempnare,
948 2400 985 2462 et
1002 2385 1159 2484 quilibet
1177 2388 1294 2487 possit

233 2530 402 2579 accusare
437 2507 766 2598 controfatientenr,
794 2522 831 2580 et
865 2505 1041 2580 medietas
1075 2506 1170 2579 dicte
1206 2531 1294 2578 con-

231 2623 496 2723 dempnationis
518 2627 565 2697 sit
581 2627 748 2698 comunis
768 2624 985 2716 Mediolani,
1003 2639 1040 2697 et
1056 2624 1126 2698 alia
1146 2649 1292 2700 accusa·

211 2757 214 2762 '
231 2744 339 2834 toris;
353 2755 390 2816 et
406 2743 452 2816 de
470 2744 647 2843 predictis
662 2757 701 2816 ct
718 2743 879 2843 quolibet
894 2742 1141 2844 predictorum
1166 2743 1294 2816 creda-

232 2875 291 2936 tur
308 2874 346 2934 et
363 2861 465 2935 credi
481 2861 611 2936 debeat
627 2875 851 2936 sacramento
874 2862 982 2955 illius,
1000 2863 1037 2934 in
1054 2863 1154 2934 cuius
1170 2860 1293 2962 preiu·

231 2971 359 3055 ditium
385 2981 546 3078 predicta
571 2980 628 3053 vel
654 2981 801 3078 aliquod
823 2978 1068 3078 predictorum
1087 2979 1295 3054 dicerentur

231 3097 449 3192 forefacta,
475 3125 558 3172 cum
584 3126 659 3172 uno
687 3113 779 3171 teste
806 3100 939 3172 idoneo
965 3113 1001 3172 et
1026 3097 1221 3199 fidedigno.

282 3219 480 3292 CCXXVI.
509 3222 566 3292 De
589 3219 837 3292 iurisdictione
862 3221 998 3290 vicarii
1022 3218 1254 3290 Martexane.

280 3339 448 3412 Vicarius
474 3337 681 3412 Martexane
705 3335 840 3412 habeat
866 3336 1152 3410 iurisdictionem
1179 3360 1293 3433 usquc

231 3456 276 3528 ad
301 3455 409 3530 libras
436 3459 697 3557 quinquaginta
723 3455 958 3530 tertiolorum.
1170 3521 1173 3526 .

284 3571 500 3647 CCXXVII.
529 3577 582 3648 Dc
610 3573 859 3648 iurisdictione
882 3578 1153 3675 quamplurium
1170 3597 1293 3644 comu-

233 3695 333 3764 nium
357 3707 391 3764 et
415 3670 599 3768 terrorum
625 3698 829 3768 comitatus.

284 3809 447 3884 Comune
463 3811 567 3912 burgi
580 3814 691 3886 Leuci
707 3811 841 3886 habeat
852 3809 1136 3884 iurisdictionem
1152 3813 1190 3881 in
1207 3810 1294 3881 civi-

235 3925 328 4002 libus
354 3931 446 4002 inter
470 3931 632 4006 homines
658 3946 756 4006 terre
773 3955 970 4028 sucusque
990 3929 1035 4002 ad
1062 3929 1293 4028 quantitatem

233 4045 404 4120 librarum
423 4062 566 4122 centum
589 4049 718 4124 tertiol.
736 4063 773 4122 et
790 4075 863 4121 non
882 4048 995 4142 ultra,
1014 4049 1083 4120 hoc
1103 4047 1294 4136 intellecto,
