3338 5042
429 359 503 440 lli
1084 423 1088 428 .

424 493 461 552 et
487 479 570 579 quia
596 476 779 551 residuunt
807 480 918 577 ipsius
935 500 1074 550 camere
1093 475 1260 550 ellectum
1281 491 1336 551 est
1353 474 1488 554 inutile

424 611 573 697 propter
597 597 693 696 ipsas
720 597 908 687 stationcs;
927 610 964 670 ct
980 595 1049 670 hoc
1075 621 1149 668 non
1175 594 1341 670 obstante
1364 593 1488 696 aliqua

424 717 644 788 investitura¹
664 739 728 786 nec
754 717 987 788 concessione
1013 713 1121 786 alicui
1146 712 1247 788 lacta.

472 836 562 906 Item
581 835 627 905 de
644 831 810 906 omnibus
834 832 911 905 aliis
935 833 1100 906 domibus
1117 845 1155 905 et
1171 834 1305 932 prediis
1321 836 1487 908 comunis

423 953 603 1025 concessis
630 951 686 1024 vel
713 951 894 1023 investitis
912 950 1020 1024 alicui
1037 976 1211 1050 persone,
1229 953 1392 1044 comuni,
1409 951 1500 1024 col*

423 1068 518 1171 legio
552 1069 608 1144 vel
643 1070 886 1160 universitati,
910 1071 942 1141 si
975 1093 1040 1140 usu
1071 1068 1218 1167 publico
1253 1069 1310 1142 vel
1337 1072 1486 1142 comuni

423 1188 619 1262 Mediolani
644 1189 723 1286 ipse
747 1185 877 1258 domus
901 1186 959 1260 vel
985 1187 1111 1286 predia
1136 1201 1257 1260 essent
1286 1189 1486 1262 necessarie

422 1304 480 1380 vel
506 1307 723 1377 necessaria.
1453 1321 1457 1382 ζ

474 1421 613 1496 CCXV.
649 1425 704 1498 De
735 1448 826 1518 cura
860 1419 1026 1497 habenda
1052 1448 1123 1522 per
1141 1420 1290 1522 fratres
1323 1423 1484 1525 hospita-

420 1548 530 1635 lium,
563 1543 662 1644 quod
685 1545 865 1616 carcerati
892 1541 1103 1616 decedentes
1129 1549 1167 1614 in
1193 1539 1402 1616 carceribus
1428 1569 1483 1618 se·

412 1666 616 1760 ’ρείἰαηιιιη
771 1677 774 1682 “
953 1729 979 1741 ,,
1212 1713 1217 1728 .

472 1779 618 1852 Fratres
643 1780 830 1878 hospitalis
846 1764 990 1871 broliis,
1005 1779 1052 1850 de
1068 1779 1103 1850 la
1121 1775 1349 1872 Columbeta,
1362 1779 1488 1881 bospi-

425 1898 506 1976 talis
524 1899 609 1968 novi
621 1913 656 1969 et
668 1913 822 1995 quatuor
833 1897 1026 1970 Mariarum
1042 1895 1197 1970 debeant
1214 1922 1338 1971 curam
1355 1897 1487 1974 babere

422 2015 583 2107 fatiendi,
602 2016 701 2114 quod
722 2018 896 2087 carcerati
921 2013 1134 2088 decedentes
1152 2015 1409 2110 incarceribus
1431 2041 1487 2090 se-

422 2134 617 2236 peliantur,
629 2147 665 2214 et
682 2134 752 2206 hoc
769 2135 929 2207 similiter
944 2147 1091 2208 curetur
1108 2159 1174 2232 per
1190 2136 1359 2207 vicarium
1379 2133 1484 2210 offitii

405 2255 673 2350 provisionum
700 2265 737 2324 et
763 2254 951 2354 potcstatis
977 2265 1014 2325 et
1040 2249 1237 2351 quemlibet
1263 2277 1398 2326 eorum.

473 2369 634 2442 CCXVI.
667 2369 778 2468 Quod
800 2369 949 2470 quilibet
975 2369 1130 2466 burguS,
1155 2375 1258 2442 locus
1283 2388 1318 2443 ct
1341 2377 1483 2446 wcassino

358 2479 359 2482 ¹
418 2494 534 2587 possit
558 2485 694 2560 babere
726 2495 909 2579 consulas,
931 2503 1212 2587 procuratores,
1239 2489 1425 2564 sindickos
1450 2505 1485 2566 et

423 2633 445 2678 ο
472 2612 601 2684 uiolet.
695 2605 697 2616 ¹

475 2726 638 2816 Quilibet
661 2723 815 2822 burgus,
831 2725 930 2798 locus
948 2737 985 2800 ct
1001 2727 1141 2798 cassina
1166 2727 1280 2823 possit
1304 2725 1423 2804 lacere
1449 2741 1485 2802 et

422 2843 556 2917 habere
596 2868 680 2915 suos
720 2843 904 2935 consules,
930 2855 1201 2942 procuratores,
1234 2845 1416 2921 sindicbos
1449 2861 1486 2920 et

422 2960 611 3055 offitiales,
629 2965 693 3060 qui
710 2963 782 3034 sint
807 2963 853 3036 de
879 2965 956 3062 ipsa
975 2963 1221 3056 universitate,
1244 2976 1281 3034 ct
1297 2979 1407 3063 prout
1422 2961 1487 3038 ba-

422 3080 511 3152 bere
529 3093 810 3172 consueverunt,
828 3095 865 3154 et
882 3081 1094 3171 advocatos,
1119 3082 1345 3180 iurisperitus
1361 3094 1400 3155 et
1416 3083 1485 3158 sin-

424 3200 552 3273 dichos
577 3199 623 3271 ad
650 3223 790 3292 causas,
816 3202 880 3298 qui
906 3201 978 3272 sint
1003 3200 1049 3272 de
1075 3201 1217 3272 civitate
1235 3201 1291 3274 vel
1312 3203 1486 3276 comitatu

424 3316 639 3409 Mediolani,
664 3317 752 3388 dum
779 3330 899 3391 tamen
926 3343 1000 3391 non
1026 3316 1152 3391 satiant
1175 3318 1357 3419 predictos
1392 3313 1486 3393 con-

425 3435 534 3535 sules,
547 3449 816 3535 procuratores,
830 3436 1014 3508 sindicbos
1028 3449 1066 3508 et
1079 3435 1247 3510 offitialcs
1263 3440 1299 3510 in
1313 3435 1486 3532 fraudem3

425 3557 489 3654 qui
503 3539 668 3628 consules
686 3568 723 3628 et
737 3551 905 3628 offitiales
918 3554 1074 3628 habeant
1090 3555 1487 3649 iurisdictionem,sicut

425 3699 579 3747 comune
596 3673 691 3746 illius
706 3675 950 3746 univcrsitatis
965 3673 1070 3747 habet
1084 3701 1150 3774 per
1168 3673 1305 3747 statuta
1323 3677 1488 3747 comunis

423 3790 641 3884 Mediolani,
664 3806 702 3864 et
726 3793 868 3892 possint
892 3795 1032 3892 exigere
1058 3817 1141 3866 suas
1168 3792 1276 3866 taleas
1303 3810 1338 3864 et
1364 3817 1487 3885 onera,

424 3924 461 3984 et
487 3905 705 3984 constituere
729 3915 824 3987 inter
848 3938 886 3984 se
904 3937 987 3985 suos
1005 3914 1207 4014 camparios
1225 3925 1263 3985 et
1280 3913 1489 3986 canevarios

423 4039 461 4104 et
486 4018 670 4123 offitial'es,
698 4033 761 4128 qui
787 4044 978 4104 exerceant
1004 4031 1202 4104 secundum
1229 4017 1326 4130 quod
1345 4056 1411 4130 per
1427 4055 1488 4103 co-

423 4175 533 4222 mune
550 4147 745 4222 Mediolani
765 4175 979 4223 concessum
997 4135 1060 4222 cst.
1072 4151 1121 4222 Et
1133 4147 1253 4223 nullus
1271 4149 1361 4223 alius
1374 4153 1489 4250 possit
