3386 5122
1226 431 1274 502 23

221 547 513 647 compensandis,
540 560 577 618 et
601 549 680 644 ipso
706 545 784 617 iure
812 545 1057 644 compensatio
1092 541 1184 615 facta
1210 547 1278 634 sit,

221 680 259 738 et
285 666 384 764 quod
411 668 446 736 in
472 666 694 736 contrarium
712 689 786 734 non
802 664 919 762 possit
940 661 1141 760 provideri,
1160 663 1279 758 etqui

218 797 380 881 potestas
400 795 566 854 teneatur
579 782 723 853 sechum
742 782 874 852 ducere
892 793 929 852 et
946 794 1068 851 tenere
1085 779 1277 852 duodecim

218 901 430 974 domicellos
439 902 489 973 'et
507 899 699 972 duodecim
718 897 934 971 schutiferos
952 911 990 969 et
1006 923 1121 994 equos
1139 900 1278 996 viginti,

220 1001 311 1090 inter
337 1045 430 1117 quos
456 1021 527 1090 sint
545 1016 737 1116 sonipedes
755 1031 838 1088 octo
856 1016 988 1087 valoris
1005 1015 1180 1087 librarum
1197 1039 1279 1086 een-

219 1124 296 1208 tum
322 1138 581 1236 quinquaginta
608 1134 836 1207 tertiolorum
853 1159 920 1231 pro
938 1133 1122 1231 quolibet3
1150 1147 1187 1203 et
1209 1132 1282 1204 hec'

220 1256 341 1325 omnia
368 1255 440 1326 suis
465 1256 652 1353 expensis,
678 1267 715 1325 et
739 1252 847 1323 ducat
863 1251 960 1323 illam
978 1251 1147 1323 familiam
1165 1249 1279 1348 pede·
1354 1245 1358 1254 ’

222 1387 332 1444 strom
351 1372 505 1471 quesibi
523 1371 770 1471 deputabitur,
788 1383 825 1442 et
847 1383 957 1468 prout
972 1367 1198 1441 ordinabitur
1215 1393 1279 1468 per

220 1489 407 1562 dominum
429 1489 627 1562 Mediolani
650 1489 696 1559 ad
722 1489 943 1588 stipendium
962 1491 1124 1560 comunis
1139 1487 1279 1559 Medio-

219 1607 310 1699 lani,
336 1610 374 1678 in
400 1608 531 1705 quibus
550 1619 810 1706 computentur
826 1631 983 1706 persone
1001 1603 1278 1677 conestabilium

218 1749 284 1823 pro
301 1727 402 1825 pagis
420 1725 578 1817 duabus,
595 1737 633 1796 et
656 1751 726 1795 una
748 1751 841 1824 paga
862 1751 930 1825 pro
949 1726 1098 1796 custode
1116 1722 1278 1814 brolleti,

221 1844 284 1938 qui
311 1855 434 1913 custos
459 1841 598 1915 habitet
628 1844 665 1911 in
697 1841 838 1914 civitate
863 1841 1077 1933 Mediolani,
1108 1853 1145 1912 et
1171 1865 1288 1938 quem

221 1959 407 2032 custodem
419 1959 548 2031 debeat
561 1972 685 2031 tenere
695 1959 743 2030 ad
755 1985 837 2032 suas
847 1981 1021 2058 expensas
1030 1959 1102 2031 cibi
1114 1971 1284 2058 etpotus,

271 2077 363 2150 Item
381 2077 481 2176 quod
499 2078 682 2178 predictus
699 2091 863 2176 potestas
881 2092 918 2150 et
935 2077 987 2149 illi
1003 2079 1049 2151 de
1063 2103 1128 2150 sua
1145 2076 1279 2149 familia

219 2220 286 2266 nec
313 2194 441 2293 aliquis
468 2221 593 2267 eorum
621 2221 693 2268 non
720 2200 865 2297 possint
890 2195 1027 2268 habere
1052 2196 1200 2294 aliquod
1227 2222 1280 2270 re·

220 2306 383 2386 staurn‘m
416 2313 472 2384 vel
499 2314 667 2386 mendam
694 2314 740 2388 de
767 2314 891 2411 aliquo
919 2339 1013 2412 equo
1039 2315 1104 2387 vel·
1124 2339 1183 2408 re,
1210 2339 1280 2414 que
1322 2385 1325 2390 .

219 2432 415 2540 qioriretur
448 2431 505 2504 vel
540 2434 763 2504 amitteretur
797 2433 854 2504 vel
889 2433 1186 2525 deterioraretur,
1213 2459 1280 2504 nec

218 2527 361 2653 possint
386 2549 520 2620 habere
546 2575 613 2622 nec
639 2563 764 2648 petere
788 2551 846 2624 vel
870 2551 947 2651 peti
972 2549 1091 2623 facere
1124 2551 1280 2648 aliquem

218 2691 353 2766 equum
370 2667 424 2737 vel
443 2693 584 2765 equam,
602 2668 754 2739 mullum
775 2668 832 2741 vel
850 2669 996 2740 mullam
1017 2669 1063 2741 ab
1082 2669 1203 2768 aliqua
1229 2695 1283 2742 se-

218 2783 334 2854 culari
346 2783 403 2854 vel
417 2784 661 2856 ecclesiastica
675 2811 841 2886 persona,
854 2811 920 2857 nec
934 2812 1006 2886 que
1019 2789 1066 2858 sit
1079 2787 1124 2858 ad
1138 2787 1282 2859 soldum

218 2903 438 2992 communis,
465 2906 576 3000 gratis
603 2903 658 2974 vel
686 2903 755 2974 alio
783 2904 914 2997 modo,
932 2919 1085 3003 excepto
1112 2893 1209 3002 quod
1235 2905 1280 2977 ab
1317 2974 1322 2985 ,

132 3005 134 3009 ’
212 3017 310 3110 illis,
328 3021 391 3116 qui
410 3017 531 3090 locant
549 3045 663 3117 equos
682 3021 727 3092 ad
745 3023 937 3114 victuram,
960 3023 1136 3096 solvendo
1152 3011 1198 3096 de
1215 3051 1281 3098 suo

218 3138 371 3236 proprio
398 3136 494 3208 illius
523 3141 698 3237 integram
726 3141 905 3216 uicturam
932 3141 1008 3212 sine
1033 3139 1169 3216 fraude.

269 3254 395 3325 XXII.
413 3253 470 3326 De
487 3257 644 3328 emendis
657 3281 833 3358 equorum
846 3265 1038 3358 potestatis
1050 3286 1123 3334 non
1130 3263 1278 3358 fiendis.

270 3367 352 3444 Non
379 3371 444 3443 fiat
469 3397 536 3472 per
560 3399 712 3447 comune
730 3375 926 3448 Mediolani
950 3379 1103 3450 emenda
1129 3378 1280 3452 alicuius

219 3491 303 3586 equi
327 3488 456 3583 alicui,
475 3481 544 3563 nisi
569 3490 616 3566 de
642 3492 711 3564 illis
739 3494 862 3591 equis,
881 3497 944 3593 qui
969 3499 1103 3585 mortui
1128 3493 1280 3569 luissent

219 3605 277 3678 vel
303 3603 500 3680 anichillati
527 3611 564 3680 in
591 3609 722 3709 prellio
747 3611 804 3684 vel
830 3612 927 3685 bello
945 3640 1012 3713 pro
1034 3615 1179 3684 comuni
1195 3614 1281 3686 Me»

219 3721 366 3796 diolani.

269 3839 408 3914 XXHI.
424 3845 535 3942 Quod
549 3845 712 3920 bordarii
728 3847 865 3954 domiui
873 3854 1065 3949 potestatis
1083 3849 1299 3952 induantur*

218 3959 396 4034 similibus
421 3963 590 4036 uestibus.
1073 3981 1075 3988 ’

270 4077 431 4152 Baruerii
450 4081 589 4154 domini
607 4086 797 4182 potestatis
817 4085 888 4156 sint
905 4084 1022 4157 induti
1042 4083 1086 4160 de
1104 4087 1280 4158 similibus

220 4196 390 4268 vestibus.
