3386 5122
1213 321 1259 392 55

209 431 411 528 benignitas
437 444 476 504 et
501 432 673 504 virtutum
700 433 814 530 gratia
838 431 1020 532 prepollet
1041 446 1108 506 etc.
1134 432 1262 506 Actum

209 575 304 622 anno
338 550 519 622 dominice
552 552 807 624 incarnationis
840 549 1034 625 millesimo
1068 555 1265 624 centesimo

206 670 449 766 octuagesimo
476 667 646 767 quincto,
676 668 876 740 indictione
905 672 1009 742 tertia
1037 683 1105 742 etc.
1132 669 1265 744 Datum

207 785 302 884 apud
328 785 479 884 Regium
618 788 730 862 tertio,
755 786 835 857 idus
863 785 1032 858 februarii
1059 800 1128 859 etc.
1152 794 1172 837 Α
1198 818 1232 859 n.

264 931 282 974 n
298 903 341 974 ln
366 906 513 976 nomine
540 917 661 976 sancte
679 917 716 976 et
733 903 916 976 individue
933 903 1134 976 Trinitatis.
1152 903 1182 974 F
1184 905 1267 980 ede-

209 1025 304 1094 ricus
337 1001 459 1094 divina
485 1020 624 1092 favente
660 1020 852 1093 clementia
877 1021 1124 1094 Romanorum
1151 1025 1264 1124 impe-

207 1152 306 1210 rator
322 1138 515 1241 Augustus,
534 1137 806 1239 Imperatoriam
820 1152 1051 1237 mayestatem
1065 1141 1170 1214 decet
1187 1166 1281 1214 esse¹

208 1282 281 1328 non
308 1257 424 1328 solum
449 1255 587 1356 legibus
605 1271 675 1328 eto.
692 1311 724 1326 ..
747 1257 835 1329 Acta
854 1272 938 1330 sunt
953 1259 1021 1330 hec
1040 1282 1133 1333 anno
1151 1259 1266 1332 domi-

209 1379 291 1462 nice
316 1377 576 1450 incarnationis
599 1374 791 1448 millesimo
809 1379 1004 1450 centesimo
1023 1379 1266 1476 octuagesimo

208 1507 323 1584 sexto,
351 1493 670 1582 indictionescxta
683 1551 693 1585 ,
720 1506 894 1591 regnante
920 1495 1068 1568 domino
1090 1496 1266 1570 Federieo

209 1612 454 1684 Romanorum
481 1615 696 1712 imperatore
726 1612 1005 1710 gloriosissime,
1040 1639 1132 1687 anno
1166 1616 1268 1712 regni

210 1729 287 1802 eius
322 1729 504 1829 trigesimo
540 1741 695 1829 quarto,
731 1730 869 1831 imperii
897 1756 982 1802 vero
1008 1732 1086 1802 eius
1111 1757 1181 1802 xxx
1208 1758 1265 1803 se-

152 1897 156 1904 -
209 1847 342 1918 cundo.
367 1848 499 1920 Datum
525 1849 563 1918 in
590 1849 775 1920 territorio
810 1849 1039 1920 cremonensi
1071 1850 1107 1920 in
1133 1846 1269 1920 destru-

210 1966 332 2036 ctione
356 1967 465 2037 castri
495 1963 696 2056 Manfredi,
724 1967 848 2065 quinto
875 1965 954 2039 idus
981 1968 1070 2038 iunii
1091 1964 1264 2038 feliciter.

207 2083 322 2154 Amen
343 2089 362 2132 Β
393 2113 427 2154 )).

265 2229 283 2267 n
309 2201 486 2273 Henricus
519 2202 586 2274 Dei
613 2205 729 2306 gratia
767 2203 1015 2274 Romanorum
1040 2230 1102 2275 rex
1127 2228 1268 2303 semper

208 2319 402 2418 Augustus.
431 2318 617 2398 ,Universis
643 2325 736 2394 sacri
763 2323 903 2392 romani
929 2324 1071 2420 imperii
1098 2319 1279 2394 fidelibus·

208 2451 398 2535 presentes
425 2437 558 2509 litteras
581 2440 791 2536 inspecturis
810 2441 962 2538 gratiam
990 2463 1091 2509 suam
1109 2454 1144 2510 et
1161 2463 1269 2511 omne

206 2552 354 2626 bonum.
383 2554 532 2627 Totiens
559 2559 659 2656 regie
686 2553 911 2630 celsitudinis
945 2569 1129 2656 sceptrum
1159 2557 1271 2629 extol-

207 2673 292 2744 litur
316 2673 421 2744 altius
441 2688 510 2745 etc.
626 2676 758 2745 Datum
788 2675 1073 2746 Mediolanium
1097 2673 1269 2748 kalendas

208 2790 333 2888 aprilis
352 2817 447 2863 anno
467 2792 613 2863 Domini
639 2817 789 2885 ncccxr,
812 2777 1010 2866 indictione
1028 2818 1142 2884 nona,
1167 2795 1269 2894 regni

208 2933 295 2980 vero
322 2910 438 2981 nostri
464 2937 560 2982 anno
588 2914 698 2982 tertio
719 2916 788 2982 ⁰».

260 3027 411 3098 LXXV.
448 3029 558 3126 Quod
581 3027 695 3132 (fitia
705 3086 716 3122 ,
744 3035 899 3120 intrate,
926 3031 1086 3121 reditur,
1111 3029 1269 3103 honores

208 3159 242 3249 et
267 3151 546 3220 exercitationes
571 3147 769 3250 offitiorum
795 3162 829 3220 et
854 3155 1085 3246 negotiorum
1105 3153 1270 3222 comunis

200 3270 417 3362 perveniant
441 3270 480 3336 in
505 3290 658 3339 comune
683 3267 895 3344 Mediolani.

257 3382 386 3454 Omnia
405 3379 519 3455 offitia
537 3386 697 3456 comunis
716 3385 934 3477 Mediolani,
951 3398 988 3457 et
1006 3411 1078 3485 que
1096 3411 1268 3482 umquam

206 3495 354 3572 fuerunt
385 3503 422 3575 in
453 3527 606 3576 comune
630 3502 849 3594 Mediolani,
870 3502 928 3576 vel
955 3529 1034 3578 esse
1066 3503 1272 3578 debuerunt

208 3616 262 3688 vel
291 3617 482 3692 debuerint
508 3621 630 3719 aliquo
658 3635 836 3720 tempore,
864 3634 901 3694 et
927 3646 1055 3693 omnes
1074 3623 1269 3718 introytus,
1307 3713 1309 3718 Ι

207 3733 373 3828 reditus,
392 3751 583 3846 proventus
610 3750 646 3838 et
664 3737 823 3811 honores
842 3754 879 3812 et
896 3737 1174 3812 exercitationes
1194 3735 1271 3810 offi-

208 3976 225 4018 n
251 3937 613 4026 runcaltnmtrnanastt
631 3973 763 4044 Mon-nm,
782 3985 857 4024 num.
876 3973 934 4025 587.

179 4129 182 4136 .
208 4058 227 4101 Ι
252 4052 514 4124 Amtq.1tet.‚tom.
532 4054 647 4140 eodem,
666 4055 718 4109 col.
736 4058 795 4110 2³9.

209 4146 227 4189 G
255 4139 346 4196 men
361 4139 553 4212 diplomaticus
572 4141 688 4210 Italiae,
707 4147 772 4197 tom.
791 4147 846 4212 111,
864 4147 894 4197 P.
914 4147 934 4197 l.
