3416 5054
393 326 467 394 Ill&

693 449 872 523 auctum
901 445 1141 516 enutritis

422 645 471 716 de
499 641 730 737 Advocatis,
752 637 933 716 vSindicis
959 665 1005 716 ac
1031 644 1197 720 Medicis
1223 649 1420 720 comunis

767 793 809 859 et
834 808 1077 880 pauperum.

440 1166 638 1239 CXLVIII.
665 1166 722 1237 De
747 1165 925 1238 advocatis
950 1172 1113 1240 comunis
1139 1183 1174 1240 et
1195 1195 1414 1270 pauperum.
1487 1245 1489 1250 ,

440 1284 604 1374 Quatuor
621 1284 784 1358 advocati
803 1287 965 1354 comunis
983 1283 1179 1358 Mediolani
1197 1299 1234 1358 et
1249 1275 1450 1387 pauperum

389 1405 460 1476 sint
485 1417 523 1476 et
548 1427 628 1475 esse
654 1401 809 1474 debeant
833 1403 871 1472 in
898 1403 1041 1473 civitate
1065 1402 1280 1497 Mediolani,
1298 1427 1451 1502 quorum

388 1521 543 1597 offitium
570 1521 677 1592 duret
702 1545 769 1620 per
794 1545 928 1590 annum
954 1546 1066 1591 unum
1091 1534 1248 1614 tantum,
1266 1536 1303 1594 et
1320 1514 1453 1596 lrabeat

389 1642 637 1739 unusquisque
654 1639 909 1711 advocatorum
926 1663 992 1737 pro
1013 1664 1079 1710 suo
1096 1638 1206 1711 leudo
1225 1640 1334 1712 libras
1352 1644 1453 1740 quin-

390 1763 561 1862 quaginta
595 1757 846 1859 ,tertiolorum3
886 1771 921 1828 et
959 1757 1139 1856 eligantur
1168 1785 1235 1859 per
1269 1747 1455 1832 dominum

388 1879 602 1969 Mediolani,
629 1891 666 1948 et
700 1875 746 1948 de
778 1875 952 1974 predictis
979 1874 1041 1947 fiat
1072 1876 1174 1948 crida
1206 1877 1356 1976 singulis
1394 1892 1454 1952 sert

389 1995 595 2086 mensibus3
615 1997 677 2093 qui
702 1989 869 2066 advocati
897 2005 1086 2066 teneantur
1111 1997 1227 2068 iurare
1246 1998 1292 2069 ad
1314 1997 1452 2069 initium

390 2117 445 2188 sui
470 2112 578 2187 offitii
604 2139 724 2186 coram
757 2115 888 2185 vicario
914 2107 1018 2184 offitii
1046 2115 1298 2214 provisionum
1324 2128 1363 2186 et
1387 2117 1452 2188 do·

391 2235 496 2308 minis
522 2233 715 2306 duodecim
737 2234 988 2332 provisionum
1008 2231 1054 2304 de
1072 2230 1187 2305 offitio
1214 2259 1280 2305 suo
1306 2233 1401 2308 bene
1417 2231 1455 2308 el

391 2351 551 2453 legaliter
576 2351 752 2443 latiendo,
779 2365 816 2423 et
842 2350 888 2422 de
908 2350 1116 2422 advocando
1140 2375 1209 2450 pro
1227 2350 1455 2449 quibuscum·

391 2496 461 2570 que
488 2469 707 2571 pauperibus
724 2481 759 2541 et
776 2465 1039 2541 miserabilibus
1059 2471 1223 2567 personis
1248 2493 1368 2543 amore
1385 2469 1455 2544 Dei

392 2605 430 2663 ct
455 2592 533 2662 sine
551 2613 615 2687 spe
640 2586 789 2661 alicuius
807 2589 1116 2680 remunerationis,
1132 2592 1162 2660 si
1179 2591 1285 2687 petiti
1302 2587 1455 2682 luerint3

381 2733 464 2806 vque
491 2710 521 2778 si
548 2733 621 2778 non
655 2707 893 2799 servaverint,
927 2704 1064 2777 nullum
1097 2706 1261 2778 salarium
1292 2709 1455 2808 recipere

392 2825 548 2900 debeant
572 2850 593 2895 a
619 2826 764 2896 comuni
790 2822 999 2897 Mediolani.

443 2938 607 3016 CXLIX.
634 2942 690 3015 De
714 2942 877 3041 modicis
902 2942 1066 3014 comunis
1090 2957 1125 3013 et
1145 2963 1363 3041 pauperum.

442 3061 521 3132 Sint
546 3057 617 3131 duo
644 3059 782 3161 syndici
808 3062 973 3133 comunis
1000 3055 1217 3150 Mediolani,
1240 3053 1304 3160 qui
1323 3083 1455 3159 procu·

392 3192 475 3252 rent
500 3180 643 3277 negotia
660 3180 821 3251 comunis
841 3177 1035 3250 Mediolani
1052 3201 1093 3248 ac
1111 3178 1219 3249 etiam
1241 3203 1456 3278 pauperum,

393 3307 431 3366 et
455 3293 611 3365 habeant
636 3317 703 3391 pro
730 3319 796 3364 suo
822 3289 930 3364 feudo
948 3292 1056 3365 libras
1074 3293 1366 3392 vigintiquinque
1383 3304 1455 3367 ter-

396 3412 564 3485 tiolorum
590 3436 657 3512 pro
675 3410 839 3509 quolibet
854 3413 892 3482 in
911 3435 1022 3505 anno,
1041 3425 1078 3483 et
1096 3424 1287 3484 teneantur
1310 3410 1459 3490 sollicite

392 3533 573 3640 inquirere
598 3544 636 3603 et
667 3527 856 3601 notilicare
887 3531 1035 3602 domino
1062 3531 1286 3628 exgravatori
1312 3529 1358 3602 de
1384 3554 1456 3630 pa-

394 3645 587 3748 gementis,
612 3673 684 3748 que
703 3646 864 3720 indebite
890 3661 1186 3746 extorquerentur
1211 3671 1278 3748 per
1297 3645 1457 3720 notarios

395 3764 523 3838 contria
549 3767 698 3841 formam
719 3780 957 3859 statutorum,
975 3767 1074 3839 etde
1093 3767 1172 3838 aliis
1190 3765 1456 3838 extorsionibus

396 3910 467 3984 que
500 3884 629 3958 sterent
660 3909 726 3986 per
761 3883 926 3959 offitiales
962 3887 1126 3969 comunis
1151 3884 1365 3976 Mediolani,
1390 3883 1458 3956 sub

396 4028 489 4104 pena
535 4003 708 4076 librarum
754 4003 1014 4104 qulnquaginta
1056 4003 1308 4093 tertiolorum,
1348 4024 1459 4102 super

396 4121 527 4220 quibus
546 4122 661 4194 dictus
682 4122 789 4195 iudex
807 4148 872 4222 per
891 4123 1044 4196 offitium
1065 4138 1230 4198 teneatur
1246 4119 1458 4225 procedere,
