3416 5054
1237 327 1309 396 tos

251 435 433 510 salvandis
451 440 491 510 e't
507 437 735 509 restituendis
754 439 897 510 comuni
917 433 1131 532 Mediolani,
1155 441 1314 540 quoties-

248 580 406 654 cumque
420 556 572 653 petitum
586 553 710 648 fuerit,
725 567 762 627 et
775 579 850 626 non
869 555 1048 628 vastandis
1064 570 1102 630 et
1118 557 1316 641 alienandis

252 700 319 748 nec
335 675 582 774 pignorandis,
593 687 630 746 ct
649 675 902 774 consignandis
921 676 1178 772 sirequisitum
1196 673 1314 770 luerit,

253 792 321 864 sub
337 816 431 894 pena
456 793 663 891 privationis
688 805 866 891 perpetuo
893 790 989 874 illius'
1006 791 1111 865 offitii
1137 807 1174 868 et
1194 795 1318 890 salariis

252 912 326 1001 sui3
345 925 382 983 et
400 911 498 1010 quod
517 909 635 982 nullus
653 912 769 1008 possit
785 935 854 982 nec
872 909 1004 984 debeat
1020 925 1185 994 mutuare
1203 929 1314 1013 super»

252 1031 302 1100 eis
328 1053 395 1102 nec
421 1053 481 1102 cas
507 1053 647 1121 emere,
668 1027 735 1100 sub
753 1053 848 1128 pena
865 1031 1106 1105 restitutionis
1134 1031 1314 1104 dictarum

252 1145 418 1220 tubarum
436 1148 581 1220 comuni
593 1147 788 1221 Mediolani
802 1147 938 1246 absque
952 1149 1072 1246 aliqua
1088 1151 1314 1224 restitutione

251 1267 419 1365 pecunie,
445 1291 517 1364 que
543 1265 727 1338 satisdatio
754 1269 966 1366 registretur
986 1267 1036 1339 ad
1063 1267 1277 1352 cameram„
1367 1357 1374 1368 ὓ

253 1409 255 1416 ’
302 1384 446 1456 CXLII.
474 1385 530 1456 De
555 1383 667 1458 cridia
691 1383 881 1457 dandisiu
905 1390 1055 1485 scriptis
1085 1386 1312 1460 sudatoribus

247 1527 318 1601 per
344 1503 570 1576 iusdieentes.
1122 1505 1126 1514 '
1201 1531 1204 1537 ’

281 1616 464 1712 ¹Quilibet
490 1621 672 1694 iusdiccns
697 1623 734 1692 in
760 1623 904 1694 civitate
929 1621 1124 1701 Mediolani
1141 1635 1313 1696 tenentur

251 1752 290 1812 at
316 1738 448 1813 debeat
472 1739 557 1810 dare
575 1743 611 1812 in
629 1741 769 1838 scriptis
796 1736 1023 1812 tubatorihus
1050 1743 1216 1812 comunis
1238 1741 1312 1814 Me·

250 1857 389 1929 diolani
415 1881 542 1930 omnes
569 1855 706 1948 midas,
725 1881 815 1956 quas
832 1855 1014 1931 voluerint
1030 1855 1147 1930 Iacere
1166 1855 1247 1930 lieri
1265 1858 1311 1930 ad

249 1974 387 2048 schalas
410 1975 536 2075 palatii
562 1975 620 2047 vel
646 1973 748 2068 alibi,
766 1977 829 2072 qui
847 1976 1033 2050 tubatores
1055 1988 1247 2049 teneantur
1274 1989 1312 2050 et

250 2092 409 2166 debeant
423 2093 540 2165 dictas
558 2093 679 2165 cridas
696 2095 747 2166 ita
764 2096 916 2194 scriptas
934 2096 1020 2168 dare
1038 2109 1075 2168 et
1097 2099 1310 2194 consignare

249 2211 485 2288 incontinenti
531 2211 767 2311 gubernatori
803 2224 1019 2284 statutorum
1061 2227 1101 2313 et¹
1140 2215 1310 2314 scriptori

250 2331 429 2404 cridarum
447 2333 610 2402 comunis
627 2327 840 2422 Mediolani,
857 2333 921 2429 qui
938 2356 997 2403 eas
1017 2344 1131 2430 ponat
1155 2334 1195 2404 in
1221 2358 1310 2431 qua-

250 2463 368 2542 terno,
394 2462 434 2521 ut
468 2449 674 2541 consuevit;
701 2463 738 2521 et
764 2452 793 2520 si
827 2441 1009 2522 iusdicens
1034 2449 1308 2541 contrafecerit,

249 2567 540 2665 condempnetur
565 2568 732 2639 inlibris
760 2581 916 2640 centum¹
932 2567 1170 2640 tertiolorum.

210 2671 212 2676 η
300 2683 466 2758 CXLIII.
499 2687 553 2757 De
572 2685 825 2786 pulsatoribus
848 2689 1108 2788 compertorum
1132 2693 1307 2760 comunis.

298 2805 380 2878 Duo
397 2807 472 2876 sint
486 2805 694 2904 pulsatores
709 2829 966 2906 campanarum
985 2807 1149 2878 comunis
1166 2806 1308 2878 Medios·

248 2924 339 3017 lani,
371 2927 434 3022 qui
460 2923 640 3024 eligantur
671 2949 738 3026 per
761 2925 931 2996 dominos
964 2923 1158 2996 duodecim
1184 2927 1307 3022 provi„

249 3045 418 3135 xiouum,
453 3055 490 3115 et
514 3040 670 3115 habeant
705 3042 824 3115 claves
850 3044 956 3116 turris
990 3044 1065 3116 sive
1098 3041 1309 3143 campanilis

245 3163 413 3232 *comunis
440 3185 551 3260 penes
577 3185 633 3254 sc,
659 3174 697 3232 et
721 3160 813 3234 bene
840 3161 1049 3234 custodiant
1074 3173 1213 3233 turrem
1238 3186 1305 3262 pro

248 3281 453 3373 comuni‚et
468 3279 616 3379 pulsent
638 3304 828 3379 campanas
846 3305 947 3353 more
966 3281 1084 3371 solito,
1097 3293 1134 3352 et
1149 3277 1306 3352 habeant

248 3421 314 3500 pro
341 3423 406 3471 suo
431 3397 559 3472 salario
578 3399 677 3470 omni
699 3424 795 3472 anno
811 3399 920 3473 libras
945 3403 1088 3499 triginta
1102 3425 1165 3472 sex
1182 3399 1308 3471 tertio-

248 3518 370 3590 lorum·
386 3543 454 3618 pro
474 3516 639 3615 quolibet
655 3543 797 3610 eorum,
817 3544 881 3592 seu
897 3533 1008 3619 prout
1024 3518 1225 3616 disponitur
1239 3541 1306 3615 per

248 3635 415 3708 offitiales
445 3639 710 3736 provixionum3
737 3649 773 3710 et
797 3650 959 3736 potestas
992 3649 1160 3708 teneatur
1188 3634 1304 3710 facere

247 3779 311 3827 eos
341 3754 541 3855 pulsatores
576 3779 833 3854 campanarum
865 3755 1037 3828 satisdare
1063 3753 1109 3826 de
1133 3754 1305 3854 predictis

246 3873 413 3945 omnibus
438 3885 476 3945 et
501 3874 648 3974 singulis
666 3873 891 3947 attendendis
916 3889 954 3946 et
980 3871 1211 3948 observandis
1237 3867 1304 3946 sub

245 3987 353 4089 pena*
366 3989 513 4064 arbitrio
540 3995 744 4094 potestatis.
