3338 5042
1227 359 1298 431 tta

239 463 359 567 aliquo
391 468 498 540 niodo
536 471 570 538 in
603 471 655 540 eis
691 493 858 540 exercere
893 468 985 542 ultra
1017 469 1168 542 formam
1199 486 1298 543 corn*

240 587 455 682 prehensam
481 588 518 658 in
545 579 688 658 statutis
714 588 879 657 comunis
905 579 1114 661 Mediolani.
1244 581 1247 586 ’
1282 632 1297 642 ··

282 701 473 799 [CCXVII.
501 704 555 774 De
581 709 723 777 auxilio
750 705 870 776 dando
896 704 1106 780 consulibus
1123 722 1157 779 et
1176 705 1302 809 ‹ffltm

159 911 162 918 ι
212 818 335 896 tibus
360 817 543 896 terrorum
567 825 619 894 ud
642 825 861 919 exigendum
895 841 931 897 et
950 823 1160 924 satiandum
1191 832 1302 899 taleas

242 966 337 1015 suas.
409 989 412 996 .
948 1026 951 1039 s

293 1053 454 1135 Potestas
480 1049 686 1133 Mediolani
697 1073 734 1132 et
756 1060 907 1161 quilibet
933 1063 1113 1136 iusdicens
1140 1076 1305 1138 teneatur

242 1181 330 1253 dare
353 1181 525 1252 auxilium
546 1198 633 1250 'cum
659 1169 792 1252 ellectu
814 1180 1022 1254 consulibus
1043 1194 1080 1254 et
1097 1179 1304 1256 offitialibus

243 1299 508 1396 cuiuscumque·
525 1299 776 1388 universitatis,
794 1300 995 1390 comitatus,
1013 1299 1209 1390 districtus,
1226 1300 1305 1372 dio-

243 1419 340 1490 cexis
374 1428 412 1488 et
444 1416 706 1488 iurisdictionis
736 1420 899 1488 comunis
932 1405 1124 1491 Mediolani
1153 1420 1199 1491 ad
1217 1403 1304 1492 'exiss

221 1519 225 1524 .
242 1537 397 1636 gendum
415 1551 451 1610 et
467 1535 662 1608 satiendam
681 1560 763 1606 suas
782 1523 895 1608 taleas
917 1550 960 1608 et‘
979 1523 1181 1630 facultates,
1196 1551 1237 1610 'et
1258 1541 1303 1610 ad

243 1657 405 1754 regimen
431 1675 535 1724 suum
563 1652 715 1724 viriliter
740 1654 991 1726 exercendum.

293 1771 493 1845 CCXVIII.
536 1767 645 1866 Quod
681 1755 803 1842 nullus
826 1769 1052 1870 sormterius
1079 1776 1197 1873 possit
1229 1797 1304 1846 esse

240 1906 366 1963 'rector
389 1895 543 1962 alicuius
568 1903 665 1961 terre
689 1894 889 1960 comitatus.
1283 1927 1285 1936 o

291 2007 420 2083 Nullus
437 2007 645 2080 foresterius
663 2010 780 2107 possit
797 2032 873 2080 esse
892 2022 1048 2107 potestas
1066 2035 1133 2082 nec
1150 2012 1304 2082 vicarius

243 2153 309 2200 nec
335 2140 456 2200 rector
480 2126 632 2198 alieuius
658 2126 764 2223 burgi
782 2125 839 2198 vel
858 2125 930 2198 loci
949 2127 1162 2199 velcassine
1189 2119 1303 2200 eomi-

244 2259 336 2317 tatus
362 2235 572 2335 Mediolani,
595 2245 665 2315 nisi
691 2243 897 2343 specialiter
921 2267 988 2342 per
1012 2245 1199 2318 dominum
1224 2245 1303 2318 Mu

241 2363 374 2436 diolani
400 2364 650 2436 constituatur.
1236 2351 1238 2358 ⁵
1294 2353 1297 2360 ¹

292 2473 458 2554 CCXIX.
500 2481 558 2554 De
596 2481 848 2554 iurisdictione
882 2503 1055 2554 concessa
1091 2482 1302 2558 comunibus

240 2599 443 2697 burgorum
467 2614 500 2671 et
526 2605 692 2672 locorum
717 2605 909 2672 comitatus
935 2599 1144 2672 Mediolani.

292 2717 490 2806 Quodlibet
516 2742 669 2788 comune
693 2715 800 2816 burgi
826 2718 1015 2817 usquead
1041 2716 1152 2792 libras
1177 2720 1303 2791 decent

243 2835 590 2929 tertiol.‚etcomune
603 2836 673 2906 loci
686 2860 800 2933 usque
813 2835 858 2907 ad
871 2836 1146 2907 soldosoentum
1162 2829 1304 2930 tertiol,

239 2953 524 3031 iurisdictionem
550 2953 678 3026 habeat
705 2956 799 3025 inter
825 2977 910 3024 suos
927 2949 1067 3026 vicinos
1084 2960 1123 3046 ⁵3
1144 2968 1182 3026 et
1205 2956 1305 3052 quod

241 3073 358 3146 nullus
384 3085 562 3171 potestas,
588 3075 738 3145 vicarius
763 3071 820 3144 vel
846 3068 938 3144 alius
955 3069 1124 3144 offitialis
1151 3073 1303 3145 alicuius

153 3279 157 3288 ¹
240 3191 426 3292 burgi'vel
444 3192 533 3284 loci,
559 3214 788 3289 quocumque
806 3193 952 3263 nomine
966 3187 1168 3282 censeatur,
1187 3194 1306 3291 possit
1335 3243 1339 3254 ·

239 3334 457 3411 cognoscere
473 3311 520 3383 de
533 3308 653 3408 aliqua
666 3303 775 3380 causa
788 3310 985 3382 excedente
997 3310 1179 3410 predictas
1192 3335 1304 3407 quan·

241 3431 381 3520 titanes,
407 3441 445 3500 et
469 3427 569 3526 quod
596 3441 698 3500 actor
722 3452 796 3499 non
822 3430 937 3524 possit
962 3441 1084 3526 petere
1103 3452 1223 3500 corani
1241 3449 1303 3525 po-

241 3558 386 3636 testate,
412 3541 544 3618 vicario
569 3545 626 3617 vel
653 3541 793 3616 offitiali
830 3547 981 3618 alicuius
1015 3543 1123 3644 burgi
1148 3544 1206 3616 vel
1233 3545 1303 3616 loci

239 3816 257 3861 Α
284 3831 296 3858 a
316 3809 384 3865 vide
409 3811 552 3866 decretum
568 3813 605 3867 de
621 3809 827 3879 iurisdictione,
845 3810 996 3880 capitaneis
1012 3811 1040 3864 et
1057 3803 1223 3866 officialibus
1236 3809 1292 3866 'du-

315 3918 328 3948 ι
347 3895 426 3952 catus
443 3896 553 3952 edditus
569 3895 615 3952 die
633 3902 667 3952 aa
685 3897 807 3952 octobris
825 3897 900 3950 1385.

349 4001 362 4029 a
382 3983 452 4035 Item
469 3982 613 4037 decretum
631 3982 666 4036 de
683 3980 765 4036 bailia
782 3985 811 4035 et
828 3982 964 4052 potestate
980 3980 1119 4036 concessis
1140 3980 1294 4052 capitaneis

316 4084 329 4113 a
348 4068 376 4118 et
392 4064 553 4121 offitialibus
570 4065 687 4123 ducatus
699 4069 728 4121 et
738 4065 868 4137 potestati
878 4063 1028 4122 Mediolani
1039 4064 1086 4120 die
1102 4067 1133 4120 ts
1145 4065 1215 4122 lollii
1225 4065 1293 4121 anni

316 4175 329 4202 u
348 4151 557 4223 suprascripti·
580 4154 667 4221 (Note
683 4154 714 4208 in
734 4153 799 4209 coa.
818 4156 844 4210 s.
863 4145 895 4224 ᾳ
914 4158 943 4208 P.
962 4157 997 4208 lt.
1015 4156 1072 4220 tol.
