3410 5048
342 302 344 310 ’
393 302 463 371 l26

385 417 503 488 munis
521 411 730 504 Mediolani,
751 407 815 483 nec
841 435 898 484 res
918 435 988 509 que
1005 422 1089 482 sunt
1115 411 1277 483 comunis
1303 409 1441 484 Medio·

385 533 470 625 lani,
495 532 553 608 vel
579 553 810 631 quocumque
836 527 945 602 modo
962 530 1193 628 pervenerint
1218 526 1265 600 ad
1287 553 1441 602 comune

387 650 594 742 Mediolani,
611 650 755 749 possint
780 645 854 718 ullo
881 643 990 717 modo
1009 643 1117 718 vendi
1133 646 1188 718 vel
1208 643 1355 727 alienari
1376 648 1444 720 nisi

387 765 454 839 sub
469 765 585 839 forma
598 765 838 864 infrascripta,
844 761 1015 835 videlicet
1029 756 1127 860 quod
1141 763 1261 835 adsint
1269 761 1443 858 offitiales,

387 887 452 984 qui
461 883 725 958 derobaverunt
739 884 816 981 ipsa
829 882 988 980 pignera,
997 881 1053 977 vel
1066 905 1191 952 eorum
1206 887 1442 974 successores,

389 1015 536 1074 exactor
562 1001 726 1072 comunis
750 997 964 1088 Mediolani,
992 999 1047 1070 vel
1072 1001 1102 1069 si
1127 1001 1199 1069 sint
1215 1023 1274 1070 res
1292 997 1359 1071 alie
1385 1023 1443 1070 co-

343 1199 352 1214 ,
391 1121 509 1191 munis
542 1117 760 1207 Mediolani,
791 1115 849 1188 vel
876 1141 947 1213 que
971 1119 1202 1216 pervenerint
1226 1117 1263 1188 in
1290 1117 1443 1189 comune

391 1237 598 1328 Mediolani,
618 1236 716 1336 quod
734 1234 826 1305 adsit
843 1232 972 1330 aliquis
990 1259 1033 1306 ex
1051 1231 1228 1306 iudicibus
1244 1237 1444 1334 potestatis,

390 1368 429 1426 et
447 1354 519 1426 duo
538 1381 581 1427 ex
597 1354 753 1424 dominis
772 1378 850 1443 sex,
876 1366 913 1423 et
929 1377 1022 1423 unus
1049 1377 1175 1424 eorum
1199 1353 1378 1446 notarius,
1396 1355 1442 1426 ''et

388 1499 482 1561 unns
500 1497 543 1545 ex
560 1464 752 1544 canevariis
770 1471 931 1542 comunis
944 1469 1150 1562 Mediolani,
1160 1483 1198 1544 et
1213 1471 1443 1543 unus'eorum

304 1577 321 1601 ⁹
389 1593 566 1683 notarim,
593 1601 630 1661 et
655 1588 754 1687 quod
779 1587 981 1660 scribantur
1006 1615 1063 1661 res
1089 1589 1232 1661 vendite
1258 1601 1442 1662 eteorum

391 1711 546 1806 pretium
574 1709 611 1778 in
637 1732 710 1778 uno
735 1705 830 1776 libro
856 1705 1086 1778 dominorum
1114 1733 1194 1799 sex,
1223 1720 1260 1780 et
1289 1709 1327 1777 in
1352 1705 1445 1778 libro

391 1825 571 1897 dictorum
593 1814 876 1914 canevariorum;
893 1826 1048 1920 pretium
1067 1851 1221 1922 quarum
1238 1849 1358 1896 rerum
1376 1823 1445 1896 sol-

319 1993 321 2000 ·
374 1949 495 2014 'vatur
527 1942 721 2013 canevario
746 1924 919 2011 ¹comunis
948 1940 1162 2034 Mediolani,
1188 1943 1290 2015 aliter
1322 1967 1444 2041 supra·

308 2048 312 2056 ’
393 2060 607 2158 scriptarum
626 2083 748 2128 rerum
765 2055 859 2128 facta
875 2057 1035 2128 venditio
1053 2084 1126 2129 non
1142 2060 1258 2132 valeat
1275 2062 1353 2158 ipso
1367 2062 1445 2131 iure

391 2179 429 2248 in
463 2176 696 2276 preiuditium
735 2175 899 2246 comunis
933 2175 1144 2267 Mediolaui;
1184 2191 1221 2250 et
1252 2178 1345 2249 ultra
1375 2176 1445 2250 hoo

392 2293 546 2392 quilibet
559 2293 715 2366 offitialis
732 2306 853 2364 contra
859 2283 985 2364 latiens
999 2293 1282 2393 condempnetur
1294 2293 1446 2368 inlibris

394 2424 539 2486 centurn
559 2411 687 2484 tertiol.
708 2410 869 2508 qualibet
884 2413 979 2500 vice3
1000 2424 1037 2483 et
1053 2401 1199 2511 quilibet
1215 2413 1330 2511 possit
1347 2411 1446 2484 accu-

392 2555 488 2620 sare,
515 2543 552 2602 et
576 2528 748 2600 medietas
774 2529 822 2599 sit
847 2531 1085 2620 accusatoris,
1107 2555 1173 2601 nec
1199 2555 1266 2628 per
1290 2530 1360 2602 hoc
1386 2529 1447 2602 de-

391 2660 536 2746 rogetur
560 2644 637 2719 aliis
665 2648 808 2718 statutis
836 2645 881 2717 de
908 2647 1015 2719 simili
1040 2646 1282 2744 loquentibus.

441 2763 716 2836 CLXXXVIII.
759 2763 903 2860 Quanto
943 2779 1102 2866 tempore
1129 2769 1288 2866 pignero
1319 2763 1447 2837 debent

387 2887 488 2955 'stare
511 2883 560 2954 ad
581 2907 778 2974 cameram,
803 2897 993 2983 antequam
1018 2889 1256 2956 incantentur.
1309 2882 1314 2891 s

310 2982 313 2988 ⁸
442 2999 591 3072 Nullum
623 3002 899 3101 pignus'possit
927 3003 1117 3093 incantari,
1143 3003 1212 3073 nisi
1238 3003 1376 3073 steterit
1402 3003 1446 3074 ad

323 3181 327 3187 .
393 3143 572 3191 cameram
608 3121 769 3190 comunis
802 3117 996 3190 Mediolani
1025 3143 1094 3217 per
1126 3134 1210 3192 octo
1237 3118 1331 3211 dies,
1356 3117 1447 3191 infra

391 3263 483 3336 quos
509 3251 593 3309 octo
611 3234 688 3307 dies
705 3239 817 3335 possit
835 3237 1053 3330 contradici,
1072 3240 1102 3308 si
1119 3237 1206 3310 velit
1227 3235 1299 3310 dici
1317 3238 1448 3310 iniuste

393 3381 471 3428 esse
489 3353 717 3442 derobatum3
737 3352 837 3429 salvo
857 3355 958 3452 quod
975 3355 1145 3426 animalia·
1158 3356 1312 3455 possint,
1328 3356 1448 3454 elapsa

238 3509 244 3524 ·
326 3528 327 3532 η
393 3472 600 3548 defensione
614 3472 713 3545 eride
730 3473 840 3543 trium
860 3473 1011 3566 dierum,
1028 3475 1211 3564 incantari,
1226 3475 1341 3545 sinon
1359 3477 1451 3546 iuste

394 3590 643 3665 defendantur.

444 3709 681 3781 CLXXXIX.
708 3710 764 3782 De
788 3715 924 3809 scripto
950 3709 1157 3792 dmrittendo
1175 3735 1245 3810 per·
1270 3707 1448 3812 offitidem

393 3825 444 3899 ad
467 3826 611 3899 domum
636 3826 813 3900 derobati.
1165 3845 1167 3848 ’

444 3943 605 4034 Quilibet
639 3943 796 4020 offitialis
830 3947 992 4018 comunis
1027 3945 1250 4040 Mediolani,
1284 3941 1364 4047 qui
1383 3945 1448 4017 alis

394 4088 503 4164 quem
523 4063 748 4137 derobaverit
764 4090 832 4164 pro
850 4067 996 4137 comuni
1012 4063 1217 4160 Mediolani,
1232 4079 1395 4140 teneatur
1413 4077 1451 4136 et
