<?xml version="1.0" encoding="UTF-8"?>
<!DOCTYPE html PUBLIC "-//W3C//DTD XHTML 1.0 Transitional//EN"
    "http://www.w3.org/TR/xhtml1/DTD/xhtml1-transitional.dtd">
<html xmlns="http://www.w3.org/1999/xhtml" xml:lang="en" lang="en">
 <head>
  <title>
</title>
<meta http-equiv="Content-Type" content="text/html;charset=utf-8" />
  <meta name='ocr-system' content='tesseract 3.04.00' />
  <meta name='ocr-capabilities' content='ocr_page ocr_carea ocr_par ocr_line ocrx_word'/>
</head>
<body>
  <div class='ocr_page' id='page_1' title='image "./statutaiurisdic00itagoog_0142.png"; bbox 0 0 3416 5054; ppageno 0'>
   <div class='ocr_carea' id='block_1_1' title="bbox 190 282 1598 3903">
    <p class='ocr_par' dir='ltr' id='par_1_1' title="bbox 1271 282 1340 354">
     <span class='ocr_line' id='line_1_1' title="bbox 1271 282 1340 354; baseline 0 -3"><span class='ocrx_word' id='word_1_1' title='bbox 1271 282 1340 354; x_wconf 71' lang='lat' dir='ltr'><strong>lii</strong></span> 
     </span>
    </p>

    <p class='ocr_par' dir='ltr' id='par_1_2' title="bbox 204 381 1395 1432">
     <span class='ocr_line' id='line_1_2' title="bbox 288 381 1395 493; baseline -0.002 -25"><span class='ocrx_word' id='word_1_2' title='bbox 288 389 423 468; x_wconf 75' lang='lat' dir='ltr'><strong>dehent</strong></span> <span class='ocrx_word' id='word_1_3' title='bbox 440 390 620 466; x_wconf 75' lang='lat' dir='ltr'><strong>dimittere</strong></span> <span class='ocrx_word' id='word_1_4' title='bbox 648 395 684 464; x_wconf 91' lang='lat' dir='ltr'><strong>in</strong></span> <span class='ocrx_word' id='word_1_5' title='bbox 711 393 853 492; x_wconf 87' lang='lat' dir='ltr'><strong>scriptis</strong></span> <span class='ocrx_word' id='word_1_6' title='bbox 879 393 993 492; x_wconf 82' lang='lat' dir='ltr'><strong>gratis</strong></span> <span class='ocrx_word' id='word_1_7' title='bbox 1015 391 1114 464; x_wconf 85' lang='lat' dir='ltr'><strong>domi</strong></span> <span class='ocrx_word' id='word_1_8' title='bbox 1140 390 1215 482; x_wconf 87' lang='lat' dir='ltr'><strong>eius</strong></span> <span class='ocrx_word' id='word_1_9' title='bbox 1231 419 1347 493; x_wconf 55' lang='lat' dir='ltr'><strong>‘quem</strong></span> <span class='ocrx_word' id='word_1_10' title='bbox 1393 381 1395 384; x_wconf 31' lang='lat'>⁵</span> 
     </span>
     <span class='ocr_line' id='line_1_3' title="bbox 204 511 1351 613; baseline 0.002 -31"><span class='ocrx_word' id='word_1_11' title='bbox 204 601 206 604; x_wconf 15' lang='grc' dir='ltr'>Ι</span> <span class='ocrx_word' id='word_1_12' title='bbox 290 511 540 601; x_wconf 86' lang='lat' dir='ltr'><strong>derobeverit‚</strong></span> <span class='ocrx_word' id='word_1_13' title='bbox 567 533 698 582; x_wconf 86' lang='lat' dir='ltr'><strong>nomen</strong></span> <span class='ocrx_word' id='word_1_14' title='bbox 731 535 853 604; x_wconf 82' lang='lat' dir='ltr'><strong>suum,</strong></span> <span class='ocrx_word' id='word_1_15' title='bbox 878 535 1021 584; x_wconf 80' lang='lat' dir='ltr'><strong>eausam</strong></span> <span class='ocrx_word' id='word_1_16' title='bbox 1037 511 1172 606; x_wconf 84' lang='lat' dir='ltr'><strong>debiti,</strong></span> <span class='ocrx_word' id='word_1_17' title='bbox 1199 525 1351 613; x_wconf 72' lang='lat' dir='ltr'><strong>proprer&#39;</strong></span> 
     </span>
     <span class='ocr_line' id='line_1_4' title="bbox 289 627 1347 738; baseline -0.001 -37"><span class='ocrx_word' id='word_1_18' title='bbox 289 627 668 738; x_wconf 27' lang='lat' dir='ltr'><strong>quambderobaverin</strong></span> <span class='ocrx_word' id='word_1_19' title='bbox 700 641 737 700; x_wconf 90' lang='lat' dir='ltr'><strong>et</strong></span> <span class='ocrx_word' id='word_1_20' title='bbox 768 648 825 700; x_wconf 88' lang='lat' dir='ltr'><strong>res</strong></span> <span class='ocrx_word' id='word_1_21' title='bbox 866 627 1059 718; x_wconf 89' lang='lat' dir='ltr'><strong>derobatas</strong></span> <span class='ocrx_word' id='word_1_22' title='bbox 1086 641 1123 702; x_wconf 91' lang='lat' dir='ltr'><strong>et</strong></span> <span class='ocrx_word' id='word_1_23' title='bbox 1149 628 1347 726; x_wconf 72' lang='lat' dir='ltr'><strong>quamlibet</strong></span> 
     </span>
     <span class='ocr_line' id='line_1_5' title="bbox 260 743 1345 857; baseline 0 -39"><span class='ocrx_word' id='word_1_24' title='bbox 260 836 267 857; x_wconf 75' lang='lat'>.</span> <span class='ocrx_word' id='word_1_25' title='bbox 293 770 434 840; x_wconf 85' lang='lat' dir='ltr'><strong>earum,</strong></span> <span class='ocrx_word' id='word_1_26' title='bbox 452 745 549 844; x_wconf 93' lang='lat' dir='ltr'><strong>quod</strong></span> <span class='ocrx_word' id='word_1_27' title='bbox 575 747 749 844; x_wconf 87' lang='lat' dir='ltr'><strong>scriptum</strong></span> <span class='ocrx_word' id='word_1_28' title='bbox 767 748 815 818; x_wconf 85' lang='lat' dir='ltr'><strong>sit</strong></span> <span class='ocrx_word' id='word_1_29' title='bbox 831 743 1072 845; x_wconf 81' lang='lat' dir='ltr'><strong>subscriptum</strong></span> <span class='ocrx_word' id='word_1_30' title='bbox 1098 771 1207 818; x_wconf 89' lang='lat' dir='ltr'><strong>manu</strong></span> <span class='ocrx_word' id='word_1_31' title='bbox 1233 748 1345 846; x_wconf 88' lang='lat' dir='ltr'><strong>ipsius</strong></span> 
     </span>
     <span class='ocr_line' id='line_1_6' title="bbox 292 861 1348 964; baseline -0.001 -29"><span class='ocrx_word' id='word_1_32' title='bbox 292 862 453 950; x_wconf 82' lang='lat' dir='ltr'><strong>offitialis</strong></span> <span class='ocrx_word' id='word_1_33' title='bbox 479 889 542 936; x_wconf 91' lang='lat' dir='ltr'><strong>seu</strong></span> <span class='ocrx_word' id='word_1_34' title='bbox 567 865 720 954; x_wconf 83' lang='lat' dir='ltr'><strong>notarii,</strong></span> <span class='ocrx_word' id='word_1_35' title='bbox 737 875 775 934; x_wconf 91' lang='lat' dir='ltr'><strong>et</strong></span> <span class='ocrx_word' id='word_1_36' title='bbox 796 861 925 936; x_wconf 83' lang='lat' dir='ltr'><strong>habeat</strong></span> <span class='ocrx_word' id='word_1_37' title='bbox 950 864 1018 936; x_wconf 90' lang='lat' dir='ltr'><strong>hec</strong></span> <span class='ocrx_word' id='word_1_38' title='bbox 1044 863 1165 934; x_wconf 86' lang='lat' dir='ltr'><strong>omnia</strong></span> <span class='ocrx_word' id='word_1_39' title='bbox 1190 865 1227 935; x_wconf 91' lang='lat' dir='ltr'><strong>in</strong></span> <span class='ocrx_word' id='word_1_40' title='bbox 1255 867 1348 964; x_wconf 59' lang='lat' dir='ltr'><strong>capi*</strong></span> 
     </span>
     <span class='ocr_line' id='line_1_7' title="bbox 293 979 1345 1081; baseline 0 -29"><span class='ocrx_word' id='word_1_41' title='bbox 293 981 377 1054; x_wconf 87' lang='lat' dir='ltr'><strong>tulis</strong></span> <span class='ocrx_word' id='word_1_42' title='bbox 402 980 658 1079; x_wconf 86' lang='lat' dir='ltr'><strong>comprehensa</strong></span> <span class='ocrx_word' id='word_1_43' title='bbox 690 980 758 1051; x_wconf 89' lang='lat' dir='ltr'><strong>sub</strong></span> <span class='ocrx_word' id='word_1_44' title='bbox 790 979 962 1080; x_wconf 82' lang='lat' dir='ltr'><strong>predictis</strong></span> <span class='ocrx_word' id='word_1_45' title='bbox 995 983 1096 1081; x_wconf 89' lang='lat' dir='ltr'><strong>penis</strong></span> <span class='ocrx_word' id='word_1_46' title='bbox 1130 994 1167 1052; x_wconf 91' lang='lat' dir='ltr'><strong>et</strong></span> <span class='ocrx_word' id='word_1_47' title='bbox 1198 981 1345 1071; x_wconf 83' lang='lat' dir='ltr'><strong>bannis3</strong></span> 
     </span>
     <span class='ocr_line' id='line_1_8' title="bbox 293 1097 1348 1199; baseline 0.001 -29"><span class='ocrx_word' id='word_1_48' title='bbox 293 1112 330 1171; x_wconf 90' lang='lat' dir='ltr'><strong>et</strong></span> <span class='ocrx_word' id='word_1_49' title='bbox 353 1100 389 1170; x_wconf 94' lang='lat' dir='ltr'><strong>in</strong></span> <span class='ocrx_word' id='word_1_50' title='bbox 415 1099 583 1199; x_wconf 70' lang='lat' dir='ltr'><strong>predictis</strong></span> <span class='ocrx_word' id='word_1_51' title='bbox 609 1097 777 1170; x_wconf 91' lang='lat' dir='ltr'><strong>omnibus</strong></span> <span class='ocrx_word' id='word_1_52' title='bbox 802 1099 918 1196; x_wconf 91' lang='lat' dir='ltr'><strong>possit</strong></span> <span class='ocrx_word' id='word_1_53' title='bbox 943 1123 1010 1197; x_wconf 89' lang='lat' dir='ltr'><strong>per</strong></span> <span class='ocrx_word' id='word_1_54' title='bbox 1036 1097 1220 1170; x_wconf 89' lang='lat' dir='ltr'><strong>dominum</strong></span> <span class='ocrx_word' id='word_1_55' title='bbox 1245 1111 1348 1198; x_wconf 74' lang='lat' dir='ltr'><strong>pote·</strong></span> 
     </span>
     <span class='ocr_line' id='line_1_9' title="bbox 291 1214 1348 1314; baseline 0.001 -27"><span class='ocrx_word' id='word_1_56' title='bbox 291 1228 419 1290; x_wconf 84' lang='lat' dir='ltr'><strong>statem</strong></span> <span class='ocrx_word' id='word_1_57' title='bbox 445 1214 481 1288; x_wconf 86' lang='lat' dir='ltr'><strong>et</strong></span> <span class='ocrx_word' id='word_1_58' title='bbox 506 1214 705 1313; x_wconf 86' lang='lat' dir='ltr'><strong>&#39;quemlibet</strong></span> <span class='ocrx_word' id='word_1_59' title='bbox 729 1217 813 1314; x_wconf 81' lang='lat' dir='ltr'><strong>eius</strong></span> <span class='ocrx_word' id='word_1_60' title='bbox 828 1215 982 1287; x_wconf 88' lang='lat' dir='ltr'><strong>iudicem</strong></span> <span class='ocrx_word' id='word_1_61' title='bbox 1008 1215 1052 1287; x_wconf 87' lang='lat' dir='ltr'><strong>ad</strong></span> <span class='ocrx_word' id='word_1_62' title='bbox 1074 1215 1283 1288; x_wconf 85' lang='lat' dir='ltr'><strong>malefitium</strong></span> <span class='ocrx_word' id='word_1_63' title='bbox 1310 1225 1348 1288; x_wconf 84' lang='lat' dir='ltr'><strong>et</strong></span> 
     </span>
     <span class='ocr_line' id='line_1_10' title="bbox 291 1331 1347 1432; baseline -0.003 -25"><span class='ocrx_word' id='word_1_64' title='bbox 291 1355 358 1432; x_wconf 86' lang='lat' dir='ltr'><strong>per</strong></span> <span class='ocrx_word' id='word_1_65' title='bbox 387 1334 554 1406; x_wconf 89' lang='lat' dir='ltr'><strong>dominos</strong></span> <span class='ocrx_word' id='word_1_66' title='bbox 585 1357 645 1404; x_wconf 88' lang='lat' dir='ltr'><strong>sex</strong></span> <span class='ocrx_word' id='word_1_67' title='bbox 678 1357 744 1431; x_wconf 90' lang='lat' dir='ltr'><strong>per</strong></span> <span class='ocrx_word' id='word_1_68' title='bbox 774 1331 929 1405; x_wconf 86' lang='lat' dir='ltr'><strong>offitium</strong></span> <span class='ocrx_word' id='word_1_69' title='bbox 949 1333 1128 1431; x_wconf 87' lang='lat' dir='ltr'><strong>procedi,</strong></span> <span class='ocrx_word' id='word_1_70' title='bbox 1154 1336 1275 1432; x_wconf 87' lang='lat' dir='ltr'><strong>puniri</strong></span> <span class='ocrx_word' id='word_1_71' title='bbox 1309 1347 1347 1406; x_wconf 89' lang='lat' dir='ltr'><strong>et</strong></span> 
     </span>
    </p>

    <p class='ocr_par' dir='ltr' id='par_1_3' title="bbox 291 1450 562 1551">
     <span class='ocr_line' id='line_1_11' title="bbox 291 1450 562 1551; baseline 0.004 -30"><span class='ocrx_word' id='word_1_72' title='bbox 291 1450 562 1551; x_wconf 86' lang='lat' dir='ltr'><strong>condempnari.</strong></span> 
     </span>
    </p>

    <p class='ocr_par' dir='ltr' id='par_1_4' title="bbox 287 1566 1598 1782">
     <span class='ocr_line' id='line_1_12' title="bbox 341 1566 1346 1668; baseline 0.003 -31"><span class='ocrx_word' id='word_1_73' title='bbox 341 1566 448 1640; x_wconf 86' lang='lat' dir='ltr'>CXC.</span> <span class='ocrx_word' id='word_1_74' title='bbox 476 1567 586 1665; x_wconf 84' lang='lat' dir='ltr'><strong>Quod</strong></span> <span class='ocrx_word' id='word_1_75' title='bbox 600 1568 741 1642; x_wconf 84' lang='lat' dir='ltr'><strong>denarii</strong></span> <span class='ocrx_word' id='word_1_76' title='bbox 751 1572 945 1668; x_wconf 75' lang='lat' dir='ltr'><strong>pignerum</strong></span> <span class='ocrx_word' id='word_1_77' title='bbox 970 1572 1238 1640; x_wconf 79' lang='lat' dir='ltr'><strong>incantatorum</strong></span> <span class='ocrx_word' id='word_1_78' title='bbox 1256 1573 1346 1641; x_wconf 76' lang='lat' dir='ltr'><strong>seri-</strong></span> 
     </span>
     <span class='ocr_line' id='line_1_13' title="bbox 287 1683 1598 1782; baseline 0 -28"><span class='ocrx_word' id='word_1_79' title='bbox 287 1683 423 1759; x_wconf 81' lang='lat' dir='ltr'><strong>bantur</strong></span> <span class='ocrx_word' id='word_1_80' title='bbox 442 1685 493 1758; x_wconf 86' lang='lat' dir='ltr'><strong>ad</strong></span> <span class='ocrx_word' id='word_1_81' title='bbox 508 1683 687 1778; x_wconf 82' lang='lat' dir='ltr'><strong>debitum,</strong></span> <span class='ocrx_word' id='word_1_82' title='bbox 705 1691 810 1758; x_wconf 84' lang='lat' dir='ltr'><strong>cuius</strong></span> <span class='ocrx_word' id='word_1_83' title='bbox 828 1690 1031 1759; x_wconf 70' lang='lat' dir='ltr'><strong>occassione</strong></span> <span class='ocrx_word' id='word_1_84' title='bbox 1053 1684 1344 1782; x_wconf 79' lang='lat' dir='ltr'><strong>robntasnerint.</strong></span> <span class='ocrx_word' id='word_1_85' title='bbox 1593 1721 1598 1754; x_wconf 84' lang='lat' dir='ltr'><strong>t</strong></span> 
     </span>
    </p>

    <p class='ocr_par' dir='ltr' id='par_1_5' title="bbox 287 1795 1383 2138">
     <span class='ocr_line' id='line_1_14' title="bbox 339 1795 1383 1903; baseline 0 -27"><span class='ocrx_word' id='word_1_86' title='bbox 339 1803 486 1877; x_wconf 87' lang='lat' dir='ltr'><strong>Denarii</strong></span> <span class='ocrx_word' id='word_1_87' title='bbox 511 1806 574 1902; x_wconf 92' lang='lat' dir='ltr'><strong>qui</strong></span> <span class='ocrx_word' id='word_1_88' title='bbox 599 1804 818 1903; x_wconf 82' lang='lat' dir='ltr'><strong>accipientur</strong></span> <span class='ocrx_word' id='word_1_89' title='bbox 836 1825 878 1874; x_wconf 80' lang='lat' dir='ltr'><strong>ex</strong></span> <span class='ocrx_word' id='word_1_90' title='bbox 893 1803 1115 1903; x_wconf 66' lang='lat' dir='ltr'><strong>pigneribusJ</strong></span> <span class='ocrx_word' id='word_1_91' title='bbox 1134 1829 1205 1900; x_wconf 93' lang='lat' dir='ltr'><strong>que</strong></span> <span class='ocrx_word' id='word_1_92' title='bbox 1226 1805 1347 1876; x_wconf 87' lang='lat' dir='ltr'><strong>incan-</strong></span> <span class='ocrx_word' id='word_1_93' title='bbox 1380 1795 1383 1804; x_wconf 77' lang='grc'>’</span> 
     </span>
     <span class='ocr_line' id='line_1_15' title="bbox 289 1908 1350 2020; baseline 0 -26"><span class='ocrx_word' id='word_1_94' title='bbox 289 1934 361 1996; x_wconf 81' lang='lat' dir='ltr'><strong>tata</strong></span> <span class='ocrx_word' id='word_1_95' title='bbox 377 1920 520 2014; x_wconf 86' lang='lat' dir='ltr'><strong>fuerint,</strong></span> <span class='ocrx_word' id='word_1_96' title='bbox 539 1908 799 2020; x_wconf 76' lang='lat' dir='ltr'><strong>ponunturper</strong></span> <span class='ocrx_word' id='word_1_97' title='bbox 812 1945 1033 2020; x_wconf 90' lang='lat' dir='ltr'><strong>campsorem</strong></span> <span class='ocrx_word' id='word_1_98' title='bbox 1046 1946 1110 1994; x_wconf 87' lang='lat' dir='ltr'><strong>seu</strong></span> <span class='ocrx_word' id='word_1_99' title='bbox 1123 1933 1350 2019; x_wconf 86' lang='lat' dir='ltr'><strong>receptorem</strong></span> 
     </span>
     <span class='ocr_line' id='line_1_16' title="bbox 287 2037 1345 2138; baseline -0.002 -24"><span class='ocrx_word' id='word_1_100' title='bbox 287 2040 333 2114; x_wconf 88' lang='lat' dir='ltr'><strong>ad</strong></span> <span class='ocrx_word' id='word_1_101' title='bbox 351 2041 527 2114; x_wconf 88' lang='lat' dir='ltr'><strong>rationem</strong></span> <span class='ocrx_word' id='word_1_102' title='bbox 543 2039 654 2112; x_wconf 88' lang='lat' dir='ltr'><strong>debiti</strong></span> <span class='ocrx_word' id='word_1_103' title='bbox 672 2064 810 2130; x_wconf 86' lang='lat' dir='ltr'><strong>eorum,</strong></span> <span class='ocrx_word' id='word_1_104' title='bbox 825 2040 888 2138; x_wconf 91' lang='lat' dir='ltr'><strong>qui</strong></span> <span class='ocrx_word' id='word_1_105' title='bbox 906 2037 1025 2111; x_wconf 88' lang='lat' dir='ltr'><strong>robati</strong></span> <span class='ocrx_word' id='word_1_106' title='bbox 1041 2037 1187 2132; x_wconf 84' lang='lat' dir='ltr'><strong>fuerint,</strong></span> <span class='ocrx_word' id='word_1_107' title='bbox 1201 2041 1237 2112; x_wconf 86' lang='lat' dir='ltr'><strong>in</strong></span> <span class='ocrx_word' id='word_1_108' title='bbox 1252 2040 1345 2112; x_wconf 91' lang='lat' dir='ltr'><strong>libro</strong></span> 
     </span>
    </p>

    <p class='ocr_par' dir='ltr' id='par_1_6' title="bbox 190 2155 1382 3198">
     <span class='ocr_line' id='line_1_17' title="bbox 190 2155 1347 2258; baseline -0.002 -28"><span class='ocrx_word' id='word_1_109' title='bbox 190 2225 194 2230; x_wconf 87' lang='lat'><em>.</em></span> <span class='ocrx_word' id='word_1_110' title='bbox 288 2159 495 2258; x_wconf 87' lang='lat' dir='ltr'><strong>principalis</strong></span> <span class='ocrx_word' id='word_1_111' title='bbox 520 2156 652 2250; x_wconf 85' lang='lat' dir='ltr'><strong>debiti,</strong></span> <span class='ocrx_word' id='word_1_112' title='bbox 683 2170 721 2230; x_wconf 89' lang='lat' dir='ltr'><strong>et</strong></span> <span class='ocrx_word' id='word_1_113' title='bbox 745 2157 815 2229; x_wconf 92' lang='lat' dir='ltr'><strong>hoc</strong></span> <span class='ocrx_word' id='word_1_114' title='bbox 842 2157 916 2228; x_wconf 90' lang='lat' dir='ltr'><strong>sine</strong></span> <span class='ocrx_word' id='word_1_115' title='bbox 943 2155 1065 2253; x_wconf 89' lang='lat' dir='ltr'><strong>aliquo</strong></span> <span class='ocrx_word' id='word_1_116' title='bbox 1091 2169 1283 2258; x_wconf 85' lang='lat' dir='ltr'><strong>precepto,</strong></span> <span class='ocrx_word' id='word_1_117' title='bbox 1309 2170 1347 2230; x_wconf 90' lang='lat' dir='ltr'><strong>et</strong></span> 
     </span>
     <span class='ocr_line' id='line_1_18' title="bbox 288 2272 1345 2371; baseline 0 -25"><span class='ocrx_word' id='word_1_118' title='bbox 288 2275 358 2348; x_wconf 89' lang='lat' dir='ltr'><strong>hoc</strong></span> <span class='ocrx_word' id='word_1_119' title='bbox 387 2273 478 2348; x_wconf 85' lang='lat' dir='ltr'><strong>infra</strong></span> <span class='ocrx_word' id='word_1_120' title='bbox 513 2287 596 2347; x_wconf 91' lang='lat' dir='ltr'><strong>octo</strong></span> <span class='ocrx_word' id='word_1_121' title='bbox 627 2274 717 2367; x_wconf 84' lang='lat' dir='ltr'><strong>dies,</strong></span> <span class='ocrx_word' id='word_1_122' title='bbox 743 2277 773 2346; x_wconf 91' lang='lat' dir='ltr'><strong>si</strong></span> <span class='ocrx_word' id='word_1_123' title='bbox 798 2286 983 2371; x_wconf 86' lang='lat' dir='ltr'><strong>receptum</strong></span> <span class='ocrx_word' id='word_1_124' title='bbox 1010 2273 1143 2345; x_wconf 87' lang='lat' dir='ltr'><strong>factum</strong></span> <span class='ocrx_word' id='word_1_125' title='bbox 1176 2272 1345 2346; x_wconf 87' lang='lat' dir='ltr'><strong>fueritin</strong></span> 
     </span>
     <span class='ocr_line' id='line_1_19' title="bbox 245 2389 1345 2491; baseline -0.003 -25"><span class='ocrx_word' id='word_1_126' title='bbox 245 2400 248 2406; x_wconf 86' lang='lat'>&#39;</span> <span class='ocrx_word' id='word_1_127' title='bbox 287 2395 510 2486; x_wconf 83' lang='lat' dir='ltr'><strong>civitate‚et</strong></span> <span class='ocrx_word' id='word_1_128' title='bbox 533 2394 564 2464; x_wconf 92' lang='lat' dir='ltr'><strong>si</strong></span> <span class='ocrx_word' id='word_1_129' title='bbox 589 2393 628 2463; x_wconf 90' lang='lat' dir='ltr'><strong>in</strong></span> <span class='ocrx_word' id='word_1_130' title='bbox 654 2393 845 2484; x_wconf 82' lang='lat' dir='ltr'><strong>comitatu,</strong></span> <span class='ocrx_word' id='word_1_131' title='bbox 872 2389 962 2470; x_wconf 85' lang='lat' dir='ltr'><strong>infra</strong></span> <span class='ocrx_word' id='word_1_132' title='bbox 988 2417 1149 2464; x_wconf 90' lang='lat' dir='ltr'><strong>mensem</strong></span> <span class='ocrx_word' id='word_1_133' title='bbox 1167 2393 1235 2465; x_wconf 92' lang='lat' dir='ltr'><strong>sub</strong></span> <span class='ocrx_word' id='word_1_134' title='bbox 1252 2417 1345 2491; x_wconf 90' lang='lat' dir='ltr'><strong>pena</strong></span> 
     </span>
     <span class='ocr_line' id='line_1_20' title="bbox 285 2510 1345 2612; baseline -0.003 -28"><span class='ocrx_word' id='word_1_135' title='bbox 285 2511 403 2612; x_wconf 85' lang='lat' dir='ltr'><strong>dupli,</strong></span> <span class='ocrx_word' id='word_1_136' title='bbox 428 2512 519 2583; x_wconf 85' lang='lat' dir='ltr'><strong>siin</strong></span> <span class='ocrx_word' id='word_1_137' title='bbox 545 2510 696 2584; x_wconf 89' lang='lat' dir='ltr'><strong>termino</strong></span> <span class='ocrx_word' id='word_1_138' title='bbox 720 2535 793 2582; x_wconf 87' lang='lat' dir='ltr'><strong>non</strong></span> <span class='ocrx_word' id='word_1_139' title='bbox 817 2511 1020 2609; x_wconf 83' lang='lat' dir='ltr'><strong>posueri&#39;nt3</strong></span> <span class='ocrx_word' id='word_1_140' title='bbox 1047 2523 1084 2582; x_wconf 90' lang='lat' dir='ltr'><strong>et</strong></span> <span class='ocrx_word' id='word_1_141' title='bbox 1102 2512 1133 2581; x_wconf 91' lang='lat' dir='ltr'><strong>si</strong></span> <span class='ocrx_word' id='word_1_142' title='bbox 1153 2513 1345 2584; x_wconf 83' lang='lat' dir='ltr'><strong>cessaverit</strong></span> 
     </span>
     <span class='ocr_line' id='line_1_21' title="bbox 287 2625 1343 2728; baseline -0.003 -25"><span class='ocrx_word' id='word_1_143' title='bbox 287 2641 372 2728; x_wconf 81' lang='lat' dir='ltr'><strong>post</strong></span> <span class='ocrx_word' id='word_1_144' title='bbox 397 2653 554 2702; x_wconf 86' lang='lat' dir='ltr'><strong>mensem</strong></span> <span class='ocrx_word' id='word_1_145' title='bbox 572 2652 592 2699; x_wconf 90' lang='lat' dir='ltr'><strong>a</strong></span> <span class='ocrx_word' id='word_1_146' title='bbox 611 2625 684 2701; x_wconf 84' lang='lat' dir='ltr'><strong>fine</strong></span> <span class='ocrx_word' id='word_1_147' title='bbox 705 2625 808 2700; x_wconf 87' lang='lat' dir='ltr'><strong>offitii</strong></span> <span class='ocrx_word' id='word_1_148' title='bbox 814 2683 826 2719; x_wconf 82' lang='grc'>,</span> <span class='ocrx_word' id='word_1_149' title='bbox 844 2628 1014 2725; x_wconf 84' lang='lat' dir='ltr'><strong>puniatur</strong></span> <span class='ocrx_word' id='word_1_150' title='bbox 1031 2630 1068 2700; x_wconf 88' lang='lat' dir='ltr'><strong>in</strong></span> <span class='ocrx_word' id='word_1_151' title='bbox 1087 2627 1343 2728; x_wconf 79' lang='lat' dir='ltr'><strong>quadruplum3</strong></span> 
     </span>
     <span class='ocr_line' id='line_1_22' title="bbox 286 2735 1382 2821; baseline -0.002 -1"><span class='ocrx_word' id='word_1_152' title='bbox 286 2759 324 2820; x_wconf 82' lang='lat' dir='ltr'><strong>&#39;et</strong></span> <span class='ocrx_word' id='word_1_153' title='bbox 348 2743 417 2818; x_wconf 88' lang='lat' dir='ltr'><strong>hoc</strong></span> <span class='ocrx_word' id='word_1_154' title='bbox 442 2758 631 2821; x_wconf 83' lang='lat' dir='ltr'><strong>teneantur</strong></span> <span class='ocrx_word' id='word_1_155' title='bbox 656 2741 891 2817; x_wconf 66' lang='lat' dir='ltr'><strong>curare&#39;cum</strong></span> <span class='ocrx_word' id='word_1_156' title='bbox 918 2744 1049 2818; x_wconf 79' lang='lat' dir='ltr'><strong>effectu</strong></span> <span class='ocrx_word' id='word_1_157' title='bbox 1074 2745 1208 2818; x_wconf 90' lang='lat' dir='ltr'><strong>domini</strong></span> <span class='ocrx_word' id='word_1_158' title='bbox 1226 2755 1289 2818; x_wconf 84' lang='lat' dir='ltr'><strong>sex</strong></span> <span class='ocrx_word' id='word_1_159' title='bbox 1306 2758 1344 2819; x_wconf 86' lang='lat' dir='ltr'><strong>et</strong></span> <span class='ocrx_word' id='word_1_160' title='bbox 1377 2735 1382 2746; x_wconf 57' lang='lat'>¹</span> 
     </span>
     <span class='ocr_line' id='line_1_23' title="bbox 287 2861 1345 2938; baseline -0.003 0"><span class='ocrx_word' id='word_1_161' title='bbox 287 2865 466 2938; x_wconf 84' lang='lat' dir='ltr'><strong>cenerarii</strong></span> <span class='ocrx_word' id='word_1_162' title='bbox 491 2865 652 2937; x_wconf 90' lang='lat' dir='ltr'><strong>comunis</strong></span> <span class='ocrx_word' id='word_1_163' title='bbox 677 2861 873 2934; x_wconf 83' lang='lat' dir='ltr'><strong>Mediolani</strong></span> <span class='ocrx_word' id='word_1_164' title='bbox 891 2875 1070 2936; x_wconf 89' lang='lat' dir='ltr'><strong>eteorum</strong></span> <span class='ocrx_word' id='word_1_165' title='bbox 1094 2864 1223 2934; x_wconf 85' lang='lat' dir='ltr'><strong>notarii</strong></span> <span class='ocrx_word' id='word_1_166' title='bbox 1240 2863 1345 2935; x_wconf 84' lang='lat' dir='ltr'><strong>et’illi</strong></span> 
     </span>
     <span class='ocr_line' id='line_1_24' title="bbox 286 2979 1344 3081; baseline -0.005 -25"><span class='ocrx_word' id='word_1_167' title='bbox 286 2981 474 3074; x_wconf 84' lang='lat' dir='ltr'><strong>offitiales,</strong></span> <span class='ocrx_word' id='word_1_168' title='bbox 499 2982 561 3079; x_wconf 88' lang='lat' dir='ltr'><strong>qui</strong></span> <span class='ocrx_word' id='word_1_169' title='bbox 577 3005 621 3053; x_wconf 88' lang='lat' dir='ltr'><strong>ea</strong></span> <span class='ocrx_word' id='word_1_170' title='bbox 636 2983 788 3081; x_wconf 84' lang='lat' dir='ltr'><strong>pignera</strong></span> <span class='ocrx_word' id='word_1_171' title='bbox 815 2979 1040 3072; x_wconf 84' lang='lat' dir='ltr'><strong>robaverint,</strong></span> <span class='ocrx_word' id='word_1_172' title='bbox 1069 2980 1137 3052; x_wconf 88' lang='lat' dir='ltr'><strong>sub</strong></span> <span class='ocrx_word' id='word_1_173' title='bbox 1162 3005 1256 3079; x_wconf 85' lang='lat' dir='ltr'><strong>pena</strong></span> <span class='ocrx_word' id='word_1_174' title='bbox 1272 2981 1344 3052; x_wconf 88' lang='lat' dir='ltr'><strong>sol-</strong></span> 
     </span>
     <span class='ocr_line' id='line_1_25' title="bbox 285 3097 1164 3198; baseline -0.007 -24"><span class='ocrx_word' id='word_1_175' title='bbox 285 3099 414 3174; x_wconf 88' lang='lat' dir='ltr'><strong>dorum</strong></span> <span class='ocrx_word' id='word_1_176' title='bbox 439 3112 585 3173; x_wconf 85' lang='lat' dir='ltr'><strong>centum</strong></span> <span class='ocrx_word' id='word_1_177' title='bbox 611 3098 740 3171; x_wconf 87' lang='lat' dir='ltr'><strong>tertiol.</strong></span> <span class='ocrx_word' id='word_1_178' title='bbox 767 3123 834 3198; x_wconf 90' lang='lat' dir='ltr'><strong>pro</strong></span> <span class='ocrx_word' id='word_1_179' title='bbox 861 3097 1019 3197; x_wconf 87' lang='lat' dir='ltr'><strong>qualibet</strong></span> <span class='ocrx_word' id='word_1_180' title='bbox 1043 3099 1121 3169; x_wconf 91' lang='lat' dir='ltr'><strong>vice</strong></span> <span class='ocrx_word' id='word_1_181' title='bbox 1137 3103 1164 3168; x_wconf 63' lang='grc' dir='ltr'><strong>Α.</strong></span> 
     </span>
    </p>

    <p class='ocr_par' dir='ltr' id='par_1_7' title="bbox 283 3213 1343 3556">
     <span class='ocr_line' id='line_1_26' title="bbox 335 3213 1343 3318; baseline -0.004 -28"><span class='ocrx_word' id='word_1_182' title='bbox 335 3217 458 3316; x_wconf 88' lang='lat' dir='ltr'>CXCI.</span> <span class='ocrx_word' id='word_1_183' title='bbox 479 3215 588 3316; x_wconf 82' lang='lat' dir='ltr'><strong>Quod</strong></span> <span class='ocrx_word' id='word_1_184' title='bbox 597 3221 754 3318; x_wconf 83' lang='lat' dir='ltr'><strong>pignera</strong></span> <span class='ocrx_word' id='word_1_185' title='bbox 772 3221 954 3288; x_wconf 80' lang='lat' dir='ltr'><strong>incantata</strong></span> <span class='ocrx_word' id='word_1_186' title='bbox 966 3219 1108 3315; x_wconf 82' lang='lat' dir='ltr'><strong>possint</strong></span> <span class='ocrx_word' id='word_1_187' title='bbox 1126 3220 1225 3312; x_wconf 61' lang='lat' dir='ltr'><strong>exrgi</strong></span> <span class='ocrx_word' id='word_1_188' title='bbox 1242 3213 1343 3316; x_wconf 78' lang='lat' dir='ltr'><strong>infra</strong></span> 
     </span>
     <span class='ocr_line' id='line_1_27' title="bbox 283 3331 1341 3436; baseline -0.007 -26"><span class='ocrx_word' id='word_1_189' title='bbox 283 3335 486 3436; x_wconf 80' lang='lat' dir='ltr'><strong>quindecim</strong></span> <span class='ocrx_word' id='word_1_190' title='bbox 503 3335 579 3408; x_wconf 84' lang='lat' dir='ltr'><strong>dies</strong></span> <span class='ocrx_word' id='word_1_191' title='bbox 591 3351 676 3434; x_wconf 84' lang='lat' dir='ltr'><strong>post</strong></span> <span class='ocrx_word' id='word_1_192' title='bbox 692 3333 831 3406; x_wconf 79' lang='lat' dir='ltr'><strong>cnidum</strong></span> <span class='ocrx_word' id='word_1_193' title='bbox 838 3331 985 3434; x_wconf 83' lang='lat' dir='ltr'><strong>fuctum</strong></span> <span class='ocrx_word' id='word_1_194' title='bbox 1008 3333 1052 3406; x_wconf 89' lang='lat' dir='ltr'><strong>de</strong></span> <span class='ocrx_word' id='word_1_195' title='bbox 1072 3339 1223 3406; x_wconf 72' lang='lat' dir='ltr'><strong>incantat</strong></span> <span class='ocrx_word' id='word_1_196' title='bbox 1249 3340 1341 3432; x_wconf 75' lang='lat' dir='ltr'><strong>ipso·</strong></span> 
     </span>
     <span class='ocr_line' id='line_1_28' title="bbox 286 3459 675 3556; baseline -0.003 -30"><span class='ocrx_word' id='word_1_197' title='bbox 286 3479 369 3526; x_wconf 84' lang='lat' dir='ltr'><strong>rnm</strong></span> <span class='ocrx_word' id='word_1_198' title='bbox 389 3459 598 3556; x_wconf 79' lang='lat' dir='ltr'><strong>pignerum.</strong></span> <span class='ocrx_word' id='word_1_199' title='bbox 672 3485 675 3490; x_wconf 94' lang='lat'><em>·</em></span> 
     </span>
    </p>

    <p class='ocr_par' dir='ltr' id='par_1_8' title="bbox 283 3567 1385 3903">
     <span class='ocr_line' id='line_1_29' title="bbox 333 3567 1341 3671; baseline -0.003 -29"><span class='ocrx_word' id='word_1_200' title='bbox 333 3567 495 3662; x_wconf 87' lang='lat' dir='ltr'><strong>Quilibet</strong></span> <span class='ocrx_word' id='word_1_201' title='bbox 527 3572 589 3669; x_wconf 92' lang='lat' dir='ltr'><strong>qui</strong></span> <span class='ocrx_word' id='word_1_202' title='bbox 623 3571 669 3644; x_wconf 89' lang='lat' dir='ltr'><strong>de</strong></span> <span class='ocrx_word' id='word_1_203' title='bbox 703 3569 910 3671; x_wconf 84' lang='lat' dir='ltr'><strong>pigneribus</strong></span> <span class='ocrx_word' id='word_1_204' title='bbox 946 3569 1001 3642; x_wconf 89' lang='lat' dir='ltr'><strong>vel</strong></span> <span class='ocrx_word' id='word_1_205' title='bbox 1036 3568 1142 3640; x_wconf 87' lang='lat' dir='ltr'><strong>rebus</strong></span> <span class='ocrx_word' id='word_1_206' title='bbox 1177 3571 1341 3641; x_wconf 89' lang='lat' dir='ltr'><strong>comunis</strong></span> 
     </span>
     <span class='ocr_line' id='line_1_30' title="bbox 283 3687 1385 3781; baseline -0.002 -23"><span class='ocrx_word' id='word_1_207' title='bbox 283 3687 495 3781; x_wconf 84' lang='lat' dir='ltr'><strong>Mediolani,</strong></span> <span class='ocrx_word' id='word_1_208' title='bbox 512 3691 619 3762; x_wconf 85' lang='lat' dir='ltr'><strong>etiam</strong></span> <span class='ocrx_word' id='word_1_209' title='bbox 646 3689 676 3762; x_wconf 91' lang='lat' dir='ltr'><strong>si</strong></span> <span class='ocrx_word' id='word_1_210' title='bbox 703 3689 915 3761; x_wconf 89' lang='lat' dir='ltr'><strong>cecidissent</strong></span> <span class='ocrx_word' id='word_1_211' title='bbox 932 3689 969 3759; x_wconf 91' lang='lat' dir='ltr'><strong>in</strong></span> <span class='ocrx_word' id='word_1_212' title='bbox 988 3687 1195 3777; x_wconf 83' lang='lat' dir='ltr'><strong>comissum,</strong></span> <span class='ocrx_word' id='word_1_213' title='bbox 1214 3689 1342 3760; x_wconf 87' lang='lat' dir='ltr'><strong>emerit</strong></span> <span class='ocrx_word' id='word_1_214' title='bbox 1383 3719 1385 3724; x_wconf 31' lang='lat' dir='ltr'>v</span> 
     </span>
     <span class='ocr_line' id='line_1_31' title="bbox 283 3800 1341 3903; baseline -0.004 -25"><span class='ocrx_word' id='word_1_215' title='bbox 283 3805 329 3878; x_wconf 86' lang='lat' dir='ltr'><strong>ad</strong></span> <span class='ocrx_word' id='word_1_216' title='bbox 344 3807 538 3901; x_wconf 81' lang='lat' dir='ltr'><strong>incentum,</strong></span> <span class='ocrx_word' id='word_1_217' title='bbox 550 3819 716 3880; x_wconf 71' lang='lat' dir='ltr'><strong>teneatur</strong></span> <span class='ocrx_word' id='word_1_218' title='bbox 728 3803 819 3878; x_wconf 87' lang='lat' dir='ltr'><strong>infra</strong></span> <span class='ocrx_word' id='word_1_219' title='bbox 835 3800 1040 3902; x_wconf 87' lang='lat' dir='ltr'><strong>quindecim</strong></span> <span class='ocrx_word' id='word_1_220' title='bbox 1057 3803 1132 3878; x_wconf 87' lang='lat' dir='ltr'><strong>dies</strong></span> <span class='ocrx_word' id='word_1_221' title='bbox 1149 3818 1341 3903; x_wconf 87' lang='lat' dir='ltr'><strong>postquam</strong></span> 
     </span>
    </p>
   </div>
   <div class='ocr_carea' id='block_1_2' title="bbox 284 4056 891 4149">
    <p class='ocr_par' dir='ltr' id='par_1_9' title="bbox 284 4056 891 4149">
     <span class='ocr_line' id='line_1_32' title="bbox 284 4056 891 4149; baseline 0.026 -19"><span class='ocrx_word' id='word_1_222' title='bbox 284 4087 302 4129; x_wconf 75' lang='lat' dir='ltr'><strong>e</strong></span> <span class='ocrx_word' id='word_1_223' title='bbox 328 4091 409 4147; x_wconf 81' lang='lat' dir='ltr'><strong>«pro</strong></span> <span class='ocrx_word' id='word_1_224' title='bbox 427 4076 551 4149; x_wconf 80' lang='lat' dir='ltr'><strong>quolibet</strong></span> <span class='ocrx_word' id='word_1_225' title='bbox 568 4093 663 4134; x_wconf 84' lang='lat' dir='ltr'><strong>eorum</strong></span> <span class='ocrx_word' id='word_1_226' title='bbox 683 4056 695 4126; x_wconf 71' lang='lat' dir='ltr'><strong>i</strong></span> <span class='ocrx_word' id='word_1_227' title='bbox 713 4073 793 4147; x_wconf 68' lang='lat' dir='ltr'><strong>(God-</strong></span> <span class='ocrx_word' id='word_1_228' title='bbox 809 4075 891 4146; x_wconf 55' lang='grc' dir='ltr'><strong>ΜΟ·</strong></span> 
     </span>
    </p>
   </div>
   <div class='ocr_carea' id='block_1_3' title="bbox 0 0 1712 5054">
    <p class='ocr_par' dir='ltr' id='par_1_10' title="bbox 0 0 1712 5054">
     <span class='ocr_line' id='line_1_33' title="bbox 0 0 1712 5054; baseline 0 3"><span class='ocrx_word' id='word_1_229' title='bbox 0 0 1712 5054; x_wconf 95' lang='lat' dir='ltr'><strong> </strong></span> 
     </span>
    </p>
   </div>
  </div>
 </body>
</html>
