3416 5054
393 329 463 403 ill

387 443 586 517 dummodo
611 442 760 520 satisdet
786 467 853 544 per
875 440 1123 517 fideiussorem
1148 444 1201 516 vel
1220 441 1458 518 fideiussores.

386 561 442 636 vel
475 575 666 662 pagatores
696 561 881 663 ydoneos,
913 564 975 661 qui
1009 587 1082 634 non
1115 564 1191 634 sint.
1220 586 1448 663 campsores,

388 679 586 752 secundum
623 683 858 777 quantitatem
889 681 1044 778 pecunie
1059 703 1135 752 seu
1168 683 1330 780 precepti
1363 681 1450 753 dare

388 810 553 898 paratum
581 797 691 870 fuerit
722 823 804 869 oum
832 797 979 890 effectu,
1004 823 1071 870 nec
1096 801 1202 872 etiam
1237 799 1452 896 compellere

388 916 543 1015 aliquem
568 917 655 988 dare
681 919 811 1016 pignus
835 915 892 988 vel
919 919 1110 1016 pecuniam
1137 931 1370 989 numeratam.

437 1033 585 1106 CLXII
609 1033 731 1132 Quod
753 1041 879 1106 nulius
904 1040 1144 1136 compellatur
1168 1034 1259 1159 dare
1291 1033 1450 1108 obsidem

304 1153 306 1156 ’
385 1155 592 1226 o'ccaxione
617 1151 823 1226 hortarer.
929 1155 932 1217 ἰ

437 1268 519 1342 Non
550 1273 667 1372 possit
698 1283 857 1370 potestas
882 1271 1078 1344 Mediolani
1103 1203 1234 1344 amodo
1261 1183 1450 1369 exaliqua

387 1413 495 1460 causa
520 1391 687 1487 accipere
711 1389 875 1462 obsidem
893 1390 959 1462 vel
977 1388 1117 1462 obsides
1144 1390 1295 1461 civitatis
1316 1388 1374 1462 vel
1397 1390 1451 1460 di

386 1508 532 1580 strictus
557 1506 772 1600 Mediolani,
797 1533 867 1580 nec
892 1531 1024 1610 cogere
1049 1508 1206 1606 aliquam
1239 1531 1449 1606 personam,

385 1638 427 1698 ut
453 1628 486 1699 ei
510 1626 568 1698 uel
594 1628 654 1700 alii
688 1627 752 1700 det
784 1627 928 1699 obsides
959 1626 1016 1699 vel
1052 1640 1152 1700 exeat
1181 1628 1359 1699 civitatem
1392 1627 1449 1700 vel

385 1745 671 1818 iurisdictionem
698 1744 892 1820 Mediolani
911 1747 1101 1819 occaxione
1122 1746 1292 1837 hostarie,
1309 1745 1368 1818 vel
1390 1747 1450 1818 ali-
1500 1755 1503 1762 ’

385 1887 456 1961 qua
486 1862 553 1934 alia
587 1866 784 1936 occaxione
820 1863 858 1934 in
897 1861 1061 1949 fraudem
1101 1863 1275 1955 hostane,
1308 1877 1347 1936 et
1379 1863 1448 1936 hoc

384 1967 587 2078 capitulum¹
601 1981 647 2053 sit
664 1983 860 2082 precixum,
880 1982 1020 2055 scilicet
1039 1981 1139 2082 quod
1156 2005 1232 2054 non
1253 1984 1370 2081 possit
1390 1979 1451 2053 ha·

384 2096 473 2170 bere
505 2098 717 2197 parabulam
754 2097 1028 2172 contrafatiendi
1057 2123 1122 2200 per
1149 2101 1359 2172 conscilium
1390 2101 1449 2174 vel

385 2241 572 2316 arnugum.
635 2223 638 2230 '
667 2267 682 2298 .

436 2332 599 2407 CLXIII.
617 2333 726 2431 Quod
740 2341 880 2408 nullum
896 2333 1055 2408 debitum
1071 2339 1234 2409 comunis·
1251 2335 1449 2408 Mediolani

385 2457 571 2550 exigatur,
596 2457 667 2526 nisi
687 2457 807 2552 primo
834 2457 1017 2554 scriptura
1034 2451 1158 2554 suerit
1181 2453 1232 2525 ud
1255 2478 1447 2526 canteram.

434 2569 583 2644 Nullum
602 2569 764 2644 debitum
781 2571 880 2670 quod
898 2571 1074 2645 debeatur
1091 2574 1237 2644 comuni
1255 2572 1449 2646 Mediolani

385 2713 615 2787 quacumque
628 2691 834 2782 occarione,
852 2717 925 2788 que
943 2690 1014 2762 dici
1030 2704 1152 2791 posset
1168 2690 1226 2764 vel
1244 2692 1449 2790 excogitari,

385 2807 499 2906 possit
524 2831 591 2879 nec
618 2806 750 2880 debeat
782 2808 893 2910 exigi,
920 2809 994 2880 nixi
1018 2810 1136 2908 primo
1168 2810 1344 2910 scriptura
1369 2807 1449 2899 illa,

385 2949 430 3000 ex
456 2950 528 3022 qua
552 2926 755 3025 predictum
782 2926 948 2999 debitum
973 2927 1170 3026 colligitur,
1188 2925 1297 3000 suerit
1321 2926 1367 2998 ad
1393 2951 1451 2998 ca·

384 3066 518 3114 meram
545 3047 709 3116 comunis
735 3043 949 3136 Mediolani,
969 3057 1005 3118 et
1023 3046 1121 3142 quod
1140 3043 1293 3143 quilibet
1312 3044 1449 3118 debens

385 3163 530 3236 comuni
555 3161 752 3235 Mediolani
785 3167 901 3263 possit
926 3189 1113 3264 opponere
1130 3163 1291 3236 'cuilibet
1314 3162 1450 3236 volenti

384 3282 526 3379 exigere
539 3280 702 3354 debitum
718 3307 787 3382 pro
807 3284 904 3355 dicta
921 3284 1117 3382 scriptura,
1130 3283 1231 3382 quod
1247 3281 1345 3354 dicta
1363 3284 1450 3354 scri·

383 3413 488 3497 ptura
514 3425 588 3472 non
620 3412 676 3472 est
701 3399 747 3472 ad
774 3425 953 3474 cameram
976 3402 1148 3474 'comunis
1175 3399 1387 3492 Mediolani,
1413 3413 1451 3473 et

383 3517 479 3590 dicta
497 3519 660 3619 exceptio
679 3517 863 3620 legiptima
881 3531 1080 3619 reputetur.
1098 3520 1149 3592 Et
1165 3520 1195 3591 si
1212 3531 1374 3618 potestas
1391 3515 1449 3590 vel

385 3643 475 3716 alius
506 3669 674 3719 exercens
700 3645 985 3718 iurisdictionem
1017 3647 1223 3718 incivitate
1250 3644 1450 3717 Mediolani

384 3763 542 3861 exigeret
569 3764 714 3863 aliquod
740 3765 920 3858 debitum,
938 3764 1044 3836 cuius
1059 3765 1238 3864 scriptura
1263 3789 1337 3835 non
1355 3776 1450 3835 esset

384 3883 589 3978 consignata
606 3883 651 3955 ad
669 3908 848 3957 cameram
862 3885 1026 3956 comunis
1043 3882 1251 3975 Mediolani,
1270 3897 1311 3954 ut
1328 3905 1448 3983 supra,

383 4141 401 4182 Δ
429 4153 441 4181 a
462 4130 629 4202 lloslaglttl'le
648 4153 660 4180 ιι
680 4133 787 4200 (Min).

1689 763 1702 1010 1
