3338 5042
256 379 261 389 .
387 317 457 390 llil

384 435 516 532 gerint,
535 443 571 502 et
587 425 736 500 reddere
754 428 884 500 debeat
909 454 1018 528 opera
1045 428 1140 499 illius
1158 431 1258 499 cuius
1283 428 1437 524 fuerint;

383 553 507 647 etqui
532 543 663 620 debeat
688 545 834 618 habere'
853 572 922 647 pro
955 571 1016 618 sua
1049 548 1336 621 remuneratione
1367 575 1439 622 me·

383 684 511 744 za'num
529 657 721 765 usluttlpro
736 665 838 737 onnia
852 667 972 765 operis
986 667 1057 736 sive
1074 665 1188 762 grossi
1207 665 1281 737 sive
1298 669 1437 760 minuti,

384 799 421 860 et
438 787 499 884 qui
516 777 649 857 debdat
666 783 754 856 dare
774 785 871 855 omni
893 809 987 855 anno
1014 782 1136 854 schole
1152 810 1179 855 s.
1194 784 1287 883 Eloy
1299 784 1437 856 modios

384 904 475 976 duos
501 897 687 1012 Iurmenti,
707 925 770 973 seu
788 915 897 1000 prout
918 914 1023 972 erunt
1048 903 1085 971 in
1112 899 1322 992 concordia,
1341 901 1438 974 salvo

385 1025 461 1093 iure
478 1021 629 1093 honoris
647 1020 783 1091 domini
807 1018 1003 1091 Mediolani
1030 1017 1230 1090 sustinendi
1250 1023 1268 1066 l
1292 1019 1438 1120 aproba-

383 1152 501 1212 torem
527 1152 564 1210 et
589 1131 805 1209 bullatorem
836 1139 971 1236 ipsum,
998 1137 1028 1207 si
1052 1137 1217 1229 voluerit,
1243 1148 1280 1208 et
1305 1136 1436 1209 confir-

384 1255 507 1328 mandi
533 1257 758 1354 pr'esentem3
785 1255 848 1353 qui
864 1253 1021 1326 bullator
1038 1256 1112 1326 sive
1129 1266 1290 1325 asazator
1307 1255 1437 1328 debeat

383 1375 574 1450 restituere
608 1366 796 1474 argeutum
831 1374 1025 1443 asaziorum
1052 1370 1138 1464 illis,
1169 1397 1322 1470 quorum
1355 1387 1438 1444 sunt

384 1517 503 1592 opera.

434 1607 653 1688 CCXXXII.
697 1610 753 1682 De
790 1607 958 1708 operibus
1000 1612 1144 1704 argenti
1185 1608 1438 1706 consignandis

382 1726 698 1832 approbatoribus.

432 1847 594 1946 Quilibet
628 1848 798 1945 magister
832 1843 1020 1928 fabricarIe
1054 1855 1218 1916 teneatur
1243 1841 1334 1914 infra
1360 1843 1439 1915 dies

382 1970 543 2066 quinque
569 1955 695 2057 utiles,
722 1989 765 2036 ex
789 1989 862 2062 quo
878 1987 978 2074 lopus
1009 1959 1156 2062 aliquod
1187 1960 1438 2061 compleverit,

380 2084 599 2183 consignare
625 2079 682 2154 vel
709 2081 910 2180 consignari
937 2079 1056 2152 lacere
1082 2078 1180 2150 dicto
1206 2079 1439 2180 approbaturi

384 2201 520 2273 dictum
538 2225 629 2300 opus
648 2197 693 2270 ad
712 2197 910 2270 fatiendum
937 2196 1145 2298 approbari3
1171 2211 1209 2268 et
1225 2200 1254 2269 si
1271 2198 1353 2297 quis
1370 2213 1438 2269 ste·

384 2322 468 2392 terit
493 2317 587 2390 ultra
613 2317 703 2388 illud
730 2329 888 2415 tempus,
906 2341 998 2416 opus
1019 2314 1199 2414 frangatur
1217 2328 1254 2387 et
1271 2315 1438 2386 condem-

382 2449 515 2536 pnetur
539 2439 576 2507 in
595 2433 704 2507 soldis
722 2431 846 2506 decern
872 2434 1013 2527 tertiol,
1032 2435 1062 2504 si
1088 2457 1161 2504 non
1188 2435 1258 2505 erit
1282 2433 1437 2526 bonum3

382 2571 420 2628 et
445 2557 476 2626 si
501 2555 568 2626 erit
599 2553 750 2644 bonum,
777 2551 1060 2651 condempnetur
1091 2565 1231 2623 tantum
1262 2553 1299 2623 in
1326 2552 1437 2624 soldis

382 2673 510 2746 decem
536 2672 684 2764 tertiol,
710 2685 746 2742 et
770 2697 844 2742 non
869 2669 1054 2770 frangatur
1079 2696 1182 2771 opus.

431 2788 667 2866 CCXXXIII.
696 2791 751 2861 De
768 2814 876 2890 opere
892 2792 1032 2886 argenti
1050 2814 1123 2861 non
1140 2786 1343 2881 vendendo,
1368 2792 1438 2862 nisi

382 2915 427 2982 sit
452 2908 638 2981 bullatum.
1146 2986 1152 3020 ι

432 3026 562 3099 Nullus
595 3025 728 3098 audeat
760 3026 915 3099 vendere
947 3051 1014 3098 nec
1051 3025 1157 3097 vendi
1195 3023 1311 3096 lacere
1343 3049 1439 3124 opus

382 3143 529 3245 aliquod
560 3147 716 3244 argenti,
743 3147 811 3217 nisi
833 3147 883 3242 ¹sit
909 3144 1082 3216 bullatum
1119 3141 1292 3214 bullatino
1325 3143 1442 3241 ipsius·

382 3266 651 3367 approbatum,
669 3264 736 3335 sub
752 3290 847 3364 pena
865 3290 929 3336 seu
946 3266 1048 3365 penis
1065 3263 1214 3337 inferius
1232 3265 1437 3365 descriptis,

382 3385 549 3458 videlicet
567 3385 596 3456 si
614 3407 704 3482 opus
722 3381 829 3454 fuerit
845 3381 980 3454 bonurn
999 3397 1035 3455 et
1050 3383 1226 3455 vendatur
1240 3384 1315 3455 sine
1328 3383 1456 3476 hulla,-

382 3502 672 3603 condempnetur
688 3500 854 3574 venditor
867 3501 905 3570 in
922 3500 1034 3573 soldis
1051 3502 1178 3600 viginti
1201 3499 1333 3584 tertiol.
1353 3525 1440 3599 qua-

383 3622 472 3693 libet
496 3622 592 3715 vice,
610 3633 648 3695 et
665 3623 695 3694 si
713 3646 805 3722 opus
826 3619 1010 3692 venditum
1036 3645 1109 3692 non
1135 3619 1312 3692 bullatum
1330 3617 1441 3692 fuerit

383 3741 429 3813 de
453 3742 584 3812 minori
608 3739 769 3814 bonitate
795 3741 1039 3838 suprascripte
1065 3739 1134 3839 lige
1160 3738 1205 3810 ab
1231 3739 1358 3838 imper.
1378 3763 1439 3810 sex

384 3856 474 3928 infra
499 3882 566 3958 pro
595 3861 718 3949 onzia,
744 3860 781 3929 in
807 3857 937 3956 quibus
964 3859 1087 3957 imper.
1116 3883 1177 3930 sex
1203 3857 1275 3928 sint
1293 3881 1439 3954 compu-

386 4117 403 4159 t
430 4106 580 4177 «eligendi
600 4129 612 4156 u
631 4108 677 4176 (In
695 4109 758 4162 θοὰ.
778 4107 856 4176 eod).
