3416 5054
247 437 476 539 tenporibus
501 437 589 528 erit,
621 436 722 534 quod
748 439 781 510 ei
807 437 951 537 placeat
983 447 1021 508 et
1044 437 1217 538 dignetur
1242 319 1304 509 elis⁹
1356 494 1359 499 .

250 579 334 657 gere
364 572 398 629 et
425 560 507 655 cogi
537 553 657 627 lacere
687 579 751 654 per
782 577 821 628 se
853 551 910 628 vel
939 579 1007 654 per
1035 579 1119 627 suos
1151 557 1305 627 vicarios

247 673 434 774 quoslibet
466 673 631 764 abbates,
666 675 894 772 prepositos,
926 676 1087 774 priores,
1122 675 1307 774 archipre-

250 793 423 884 sbiteros,
449 788 720 880 archidiaconos
750 803 789 863 et
819 815 1066 889 quoscumque
1090 779 1247 863 rectores
1272 801 1309 862 et

249 910 559 982 administratores
577 931 888 1008 quorumcumque
904 911 1208 981 monesteriorutn
1216 964 1228 1001 ,
1244 909 1308 979 bo·

251 1025 458 1127 spitalium,
496 1026 773 1096 canonistarum
811 1039 850 1096 et
876 1025 1036 1100 ¹aliarum
1076 1026 1308 1101 ecclesiarum

250 1144 469 1216 secularium
505 1158 543 1214 et
576 1143 807 1240 regullarium
819 1199 830 1234 ,
864 1156 906 1215 et
941 1144 1028 1215 alias
1062 1166 1309 1244 quascumque

250 1286 449 1362 personas,
475 1275 512 1333 et
537 1261 702 1361 quelibet
726 1264 893 1333 comunia
918 1273 956 1334 et
980 1263 1228 1336 universitates
1252 1280 1312 1332 ec*-

250 1379 456 1452 clesiastica
480 1393 519 1452 et
543 1379 730 1472 secularia,
756 1381 1016 1481 cuiuscumque
1037 1403 1142 1452 sexus
1160 1379 1309 1469 inerim,

252 1498 301 1570 ad
334 1496 495 1570 dandum
527 1498 564 1568 in
597 1498 741 1597 scriptis
775 1501 842 1598 per
876 1511 1140 1570 sacramentum
1175 1513 1212 1570 et
1244 1497 1310 1569 sub

251 1639 373 1714 penna
399 1617 777 1688 excommunicationis
802 1629 841 1687 et
865 1616 977 1708 ultra,
1003 1631 1112 1715 prout
1137 1615 1313 1714 placuerit

256 1732 374 1806 eidem
392 1733 539 1806 domino
556 1735 823 1835 archiepiscopo
843 1734 900 1806 vel
918 1736 993 1806 eius
1009 1736 1168 1825 vicariis,
1186 1757 1312 1806 omnes
1370 1823 1377 1848 ι

256 1850 465 1926 elimoxinas
490 1866 683 1950 perpetuas
701 1853 882 1924 ueletiam
905 1851 1138 1950 temporales,
1156 1876 1251 1949 quas·
1266 1849 1313 1921 ia·

256 1993 340 2040 cere
359 1983 542 2060 tenentur,
552 1969 734 2042 narrando
751 1995 819 2070 per
835 1995 945 2071 quem
961 1971 1019 2042 vel
1036 1995 1129 2069 quos
1150 1971 1315 2041 ordinate

254 2083 412 2178 luerint,
439 2105 477 2160 et
508 2111 619 2188 super
653 2088 783 2186 quibus
815 2088 1104 2188 possessionibus
1134 2087 1192 2160 vel
1218 2087 1313 2159 redi·

256 2205 371 2297 tibus,
388 2206 445 2278 rel
471 2207 655 2305 quomodo
679 2218 717 2279 et
742 2208 898 2304 qualiter
922 2205 1056 2278 fuerint
1078 2205 1261 2297 ordinate,
1279 2219 1317 2277 et

159 2337 170 2344 “’
256 2349 326 2422 per
353 2349 447 2424 quos
481 2327 643 2397 notarios
676 2327 916 2398 instrumenta
948 2311 1033 2397 suist
1063 2321 1250 2414 conlecta,
1285 2325 1316 2405 si
1408 2347 1411 2359 ·

257 2442 386 2516 exinde
412 2456 581 2516 constant
605 2443 752 2542 publica
777 2447 1037 2532 instrumenta3
1070 2455 1106 2514 et
1137 2440 1236 2541 quod
1266 2442 1316 2512 sic

259 2562 495 2660 registrentur
528 2566 566 2634 in
603 2562 701 2634 libris
727 2561 1054 2638 membranaruml
1077 2583 1220 2632 camere
1254 2583 1318 2629 ar-

240 2680 554 2780 chiepiscopalis,
575 2695 613 2754 et
638 2677 797 2754 inlibris
821 2680 1151 2752 membranarum¹
1177 2701 1319 2749 camere

260 2800 427 2870 comunis
465 2799 685 2890 Mediolani,
722 2811 761 2871 et
797 2798 999 2871 secundum
1042 2793 1145 2896 quod
1181 2794 1316 2866 fuerint

258 2919 465 3018 -registrate,
491 2917 660 2990 omnilars
683 2913 801 2990 modis
827 2918 1033 2989 executioni
1057 2913 1242 2988 mandare.
1271 2915 1321 2988 Et

262 3034 393 3110 eodem
424 3035 551 3128 modu,
582 3048 622 3107 ut
650 3061 777 3134 snpra,
804 3047 967 3106 teneatur
990 3047 1151 3131 potestas
1176 3031 1321 3132 snppli-

264 3177 365 3245 care,
392 3166 434 3224 ut
466 3179 595 3254 supra,
626 3153 728 3252 quod
763 3152 979 3224 reverendus
1011 3168 1116 3251 pater
1153 3149 1320 3222 dominus

259 3271 571 3404 archiepiscopus,
584 3274 647 3370 qui
664 3295 759 3344 nunc
782 3284 836 3342 est
847 3279 891 3343 et
905 3295 974 3370 pro
991 3265 1221 3369 temporibus
1239 3265 1322 3360 erit,

258 3371 431 3492 dignetur
454 3405 575 3493 partes
600 3417 685 3467 suas
710 3393 959 3492 interponere,
983 3389 1085 3490 quod
1104 3386 1266 3487 predicta
1283 3397 1323 3458 et
1430 3400 1438 3412 ·

260 3507 456 3608 quodlibet
467 3509 714 3610 predictorum
733 3508 820 3582 fiant
836 3523 873 3581 et
888 3506 1092 3582 executioni
1084 3503 1324 3578 mandentur

264 3653 331 3729 per
356 3641 549 3729 exemptos,
570 3629 733 3727 'Insuper
758 3628 877 3701 dictus
903 3627 1070 3699 dominus
1088 3637 1264 3724 potestas,
1283 3637 1323 3695 ut

266 3771 386 3846 supra,
404 3760 579 3826 tencatur¹
598 3748 817 3848 supplicare,
835 3760 876 3820 ut
899 3769 1025 3846 supra,
1045 3742 1145 3841 quod
1166 3741 1324 3842 prelatus

254 4040 284 4090 «t
313 4055 325 4079 «
343 4030 602 4088 imbreviaturarum
621 4053 632 4078 υ
654 4028 734 4098 (Cod.
754 4035 784 4084 Β.
806 4030 857 4100 tu).

267 4125 285 4168 ι
313 4140 325 4164 a
344 4115 603 4172 imbreviaturarum
622 4139 633 4164 υ
653 4114 754 4185 (thiu).
