3416 5054
1250 315 1320 384 tra

264 426 312 501 de
329 426 429 500 libris
444 425 571 502 decem
589 423 745 500 millibus
763 426 1003 517 tertiolorum,
1014 425 1060 498 de
1079 427 1326 500 conseruando

265 570 420 620 comune
436 543 630 619 Mediolani
655 543 863 644 indempne,
876 537 920 616 'et
942 538 1140 646 singulares
1155 569 1327 643 personas

263 665 496 764 indempnes3
522 677 561 738 et
586 663 654 734 alie
679 665 948 752 satisdationes,
982 687 1055 760 que
1081 661 1175 735 sient
1205 689 1326 735 coram

262 782 524 856 iusdicentibus
543 781 760 855 habentibus
778 783 938 854 notarios
956 782 1107 854 civitatis
1124 781 1328 874 Mediolani,

266 899 359 974 fiant
383 913 422 974 et
447 902 666 1001 recipiantur
690 923 758 998 per
781 901 881 999 ipsos
906 901 1067 972 notarios
1085 925 1212 971 eorum
1238 902 1329 1000 peris

265 1020 350 1093 culo
366 1022 443 1092 sine
458 1017 727 1120 approbatore3¹
741 1031 783 1091 et
808 1017 908 1117 quod
925 1019 1078 1090 vicarius
1095 1018 1231 1090 domini
1254 1019 1329 1090 Me-

267 1138 398 1211 diolani
431 1151 468 1210 et
501 1138 651 1210 vicarius
688 1137 824 1209 domini
855 1137 1044 1235 potestatis
1069 1139 1260 1210 teneantur
1281 1135 1328 1209 de

265 1256 436 1356 predictis
461 1257 647 1354 inquirere
663 1266 701 1328 et
718 1255 987 1353 condempnare
1005 1252 1172 1351 quolibet
1189 1255 1328 1348 mense,
1459 1263 1465 1278 ‘

264 1373 332 1448 sub
366 1397 461 1474 pena
497 1373 670 1446 librarum
695 1375 984 1472 vigintiquinque
1019 1373 1152 1444 tertiol.
1186 1375 1242 1444 sui
1262 1398 1330 1445 :sa-

265 1491 361 1582 lorii3
379 1505 418 1566 et
441 1489 539 1592 quod
566 1494 630 1589 qui
655 1491 824 1564 habuerit
840 1491 912 1564 hoo
929 1489 1106 1584 officium,
1121 1516 1196 1563 non
1213 1494 1330 1591 possit
1446 1549 1451 1558 .

266 1609 358 1682 illud
381 1609 515 1682 habere
541 1609 661 1706 aliquo
687 1608 806 1680 modo·
823 1619 939 1706 usque
964 1609 1010 1681 ad
1036 1609 1240 1680 triennium

262 1741 283 1788 -'
315 1727 426 1802 CLX.
471 1726 583 1825 Quod
628 1733 729 1800 nulla
771 1727 958 1800 satisdatio
995 1731 1182 1823 generaras
1202 1731 1330 1826 'possit

265 1846 415 1920 emendi
440 1845 490 1920 od
512 1846 666 1948 aliquod
689 1850 847 1945 spatiola.
1337 1835 1340 1842 ’

315 1964 425 2038 Nulla
450 1953 633 2038 satisdatio
658 1963 846 2064 generalis,
865 1989 937 2061 que
963 1963 1056 2038 facta
1080 1962 1189 2037 fue1it
1213 1971 1331 2036 cum*

266 2083 386 2182 aliquo
412 2097 570 2174 rectore,
587 2083 706 2157 iudice
730 2085 789 2156 vel
813 2083 955 2156 offitiali
982 2083 1028 2156 de
1049 2085 1213 2184 parendo
1231 2109 1331 2157 man-
1467 2097 1472 2108 '

268 2202 360 2274 datis
386 2215 422 2274 et
447 2203 494 2275 de
520 2205 775 2303 presentando,
794 2206 908 2302 possit
934 2205 1081 2284 extendi
1109 2205 1154 2276 ad
1180 2203 1329 2302 aliquod

123 2391 127 2398 .
186 2421 191 2432 ,
267 2319 364 2392 aliud
382 2321 548 2421 spetialc,
566 2347 635 2393 nec
661 2321 707 2394 ad
725 2323 850 2394 casum
873 2322 923 2393 'de
949 2347 1045 2394 nouo
1074 2337 1330 2422 superventum

266 2437 323 2512 vel
341 2452 608 2540 emergentem,
626 2453 663 2512 et
680 2440 781 2538 quod
798 2453 994 2540 propterea
1011 2439 1239 2514 fideiussores
1256 2443 1330 2513 non

266 2561 409 2662 possint
439 2563 520 2662 cogi
545 2561 593 2633 ad
618 2560 851 2655 solvendum,
877 2587 944 2656 nec
976 2577 1167 2637 teneantur
1193 2563 1332 2636 solvere

265 2703 340 2779 pro¹
360 2704 404 2752 eo
430 2679 532 2777 quod
557 2679 762 2752 huiusmodi
784 2681 888 2754 talem
908 2681 1182 2755 satisdationem
1209 2681 1333 2755 lecerit

265 2796 415 2894 aliquod
447 2811 614 2868 mutuum
649 2799 727 2870 nec'
748 2797 911 2900 'aliquam
951 2800 1331 2900 condempnationem,

263 2939 339 3014 qne
365 2917 437 2987 sibi
454 2913 513 2988 vel
531 2915 577 2987 de
596 2941 641 2988 eo
659 2913 764 2990 lieret
779 2918 838 2989 rel
855 2917 949 2991 iacta
973 2917 1087 3008 foret,
1104 2939 1171 2991 nec
1190 2918 1332 3016 aliquid

265 3033 379 3126 aliud,
392 3035 461 3107 nisi
476 3035 515 3106 in
528 3059 572 3110 ea
586 3035 818 3109 satisdatione
834 3033 917 3108 inde
931 3036 1093 3134 spetialis
1108 3033 1172 3108 fiat
1183 3040 1330 3110 mentio.

318 3150 445 3227 CLXI.
474 3153 586 3252 Quod
601 3161 723 3228 nullm
740 3159 976 3256 compellatur
996 3155 1086 3228 dore
1108 3177 1332 3256 conspuerent

264 3279 329 3344 uel
352 3279 614 3348 malevolorum.
1298 3299 1315 3308 ”

317 3390 400 3464 Non
424 3391 533 3466 liceat
568 3395 743 3492 potestati
765 3375 830 3466 aut
856 3391 1063 3467 oonsulibus
1087 3395 1231 3466 iustitie
1254 3393 1332 3464 Mo-

268 3509 402 3588 dolant
416 3511 475 3584 vel
494 3513 766 3611 negotiatorum
785 3533 850 3586 nec
870 3512 978 3586 alicui
996 3515 1060 3586 alii
1071 3536 1225 3614 persone
1250 3503 1332 3585 olt-

268 3629 345 3700 t'rali
369 3633 535 3703 comunis
559 3632 755 3705 Mediolani
780 3658 847 3733 per
863 3658 902 3705 se
918 3631 977 3704 vel
1002 3657 1070 3730 per
1095 3615 1206 3704 alium
1232 3655 1332 3703 com-

265 3746 402 3849 pellere
414 3747 572 3848 aliquem
585 3751 789 3824 decivitate
806 3751 864 3824 vel
878 3750 1124 3824 iurisdictione
1137 3749 1333 3824 Mediolani
1397 3774 1400 3780 ·

268 3865 357 3944 dare
390 3893 617 3968 campsorem
648 3871 706 3944 ael
738 3872 999 3944 malevatorem
1024 3868 1081 3942 vel
1107 3884 1334 3970 pagatorern,

267 4139 287 4183 a
314 4157 326 4182 ι
347 4149 441 4190 coram
463 4157 475 4185 ι
496 4137 575 4203 (cod.
593 4137 749 4207 praedict).
