3386 5122
202 559 291 632 laris
311 559 536 661 persoaa'sit
560 560 638 632 lexa
649 617 659 652 ,
687 557 971 659 condempnetur
989 560 1148 633 arbitrio
1173 561 1263 631 iudi·

203 681 317 753 canas
352 679 462 778 passo
496 679 691 777 dampnum
723 678 911 776 usquead
938 677 1131 777 simplum3
1165 695 1203 752 et
1232 683 1262 751 si

203 823 274 868 non
303 809 470 898 apareret
497 795 694 895 dampnum
705 795 872 868 „alicuius
894 797 948 868 vel
970 823 1044 867 non
1064 793 1262 896 probetur,

203 941 275 986 non
302 915 652 1014 condempnetur-in
679 913 822 1014 aliquo,
850 915 920 986 nisi
952 927 1048 986 certa
1079 939 1173 1016 pena
1198 941 1264 1014 par

126 1099 127 1102 ,
202 1047 336 1105 statuta
365 1035 411 1105 sit
437 1035 613 1134 imposita.
684 1093 685 1096 ,
735 1091 738 1098 ,

249 1151 296 1242 ²123
325 1151 434 1250 Quod
452 1167 611 1252 potestas
644 1167 677 1223 et
702 1156 756 1222 ita·
789 1152 923 1222 desua
942 1149 1102 1246 familia*
1128 1151 1266 1252 aliquid

205 1293 278 1341 non
304 1271 490 1370 recipiant.

254 1385 419 1481 Potestas
446 1386 559 1458 atilli
577 1387 724 1460 desua
750 1385 884 1457 familia
909 1385 966 1460 vel
989 1385 1121 1483 aliquis
1139 1411 1265 1460 eorum

204 1505 259 1576 vel
285 1505 417 1604 aliquis
439 1505 589 1603 praeis
614 1529 686 1575 non
704 1505 848 1602 possint
864 1529 931 1575 nec
954 1502 1111 1576 debeant
1127 1504 1264 1604 aliquid

205 1624 367 1721 recipere
400 1621 445 1692 ab
478 1622 601 1721 aliqua
632 1623 801 1721 persona
823 1621 975 1694 seculari
1009 1623 1265 1708 velgeccle'sia-

203 1739 318 1812 sticha
346 1741 501 1812 civitatis
527 1739 585 1811 vel
611 1740 805 1811 districtus.
823 1739 1041 1830 Mediolani,
1068 1765 1136 1811 nec
1157 1742 1264 1812 etiam

117 1881 120 1886 “
204 1856 368 1950 aliunde,
394 1859 533 1928 ratione
553 1857 616 1930 'vel
642 1873 750 1930 causa
777 1859 833 1929 sui
860 1856 986 1948 offitii,
1014 1861 1123 1928 etiam
1156 1873 1270 1929 exon·-

205 1975 304 2048 lenta
335 1977 392 2050 vel
424 1977 651 2077 pocullenta,
677 1992 878 2077 postquam·
904 1981 1071 2052 venerint
1104 1978 1149 2049 ad
1184 1979 1267 2049 civi-

206 2107 335 2182 tatem,
363 2120 430 2195 per
458 2108 601 2195 tempus
629 2098 684 2168 sui
711 2099 896 2196 regiminis
921 2111 958 2170 et
984 2101 1040 2168 sui
1066 2095 1184 2169 offitii.

256 2213 315 2284 LI.
336 2213 446 2312 Quod
460 2216 709 2315 condempnati
731 2217 780 2288 ad
795 2217 1006 2288 sindieatum
1023 2217 1094 2288 non
1109 2230 1267 2316 possunt

206 2330 341 2404 habere
365 2331 526 2436 fftium.
1047 2335 1051 2340 ’

133 2474 135 2477 ’
254 2450 421 2522 Potestas
447 2464 484 2523 et
509 2451 666 2549 quilibet
691 2453 798 2525 iudex
824 2452 881 2523 vel
908 2451 1067 2524 offitialis
1089 2453 1146 2526 vel
1165 2450 1266 2523 miles

205 2581 268 2638 aut
292 2568 458 2640 notarius
484 2570 540 2641 vel
568 2572 604 2640 in
627 2569 754 2668 aliquo
781 2573 850 2643 alio
878 2569 996 2642 offitio
1026 2572 1267 2662 constitutus,

206 2688 268 2786 qui
296 2689 342 2758 sit
367 2685 594 2782 forestarius,
620 2689 677 2761 vel
700 2691 762 2786 qai
780 2689 826 2761 de
844 2705 965 2760 cetero
988 2690 1159 2761 constitui
1185 2713 1268 2760 con·

207 2806 379 2903 tingerit,
411 2809 475 2904 qui
503 2806 787 2906 condempnatus
813 2807 921 2880 luerit
947 2807 1001 2878 vel
1028 2807 1270 2905 condempna-

208 2921 307 2993 bitur
332 2922 379 2994 ad
405 2924 621 2996 sindicatum
633 2981 644 3016 ,
667 2952 738 2996 noo
758 2928 872 3023 possit
889 2951 1049 3024 unquam
1068 2927 1103 2996 in
1124 2925 1269 2996 civitate

206 3040 262 3110 vel
290 3045 461 3113 comitatu
486 3042 684 3114 Mediolani
710 3043 844 3115 habere
871 3035 1019 3140 aliquod
1040 3039 1192 3113 offitium
1212 3042 1269 3114 vel

206 3156 419 3230 benefitium
444 3160 509 3231 vel*
530 3161 749 3261 stipendium
775 3186 839 3232 seu
856 3160 1021 3253 eoldum,
1039 3160 1104 3233 sed
1122 3160 1168 3233 de
1187 3162 1270 3232 civi-

208 3289 280 3350 tate
315 3291 352 3349 et
385 3281 563 3350 comitatu
597 3279 796 3352 Mediolani
831 3279 1002 3352 recedere
1037 3291 1204 3353 teneatur
1235 3293 1272 3350 et

207 3395 348 3466 solvere
374 3389 765 3496 condempnationem
798 3424 906 3496 quam
937 3401 967 3469 si
994 3425 1068 3492 non
1095 3398 1269 3488 solverit,

208 3525 245 3586 et
260 3540 336 3586 non
360 3515 552 3588 recesserit
573 3513 664 3590 infra
685 3517 841 3588 mensem
858 3521 990 3609 anum,
1006 3518 1120 3616 possit
1134 3513 1269 3586 offendi

206 3631 242 3700 in
261 3658 367 3705 avere
386 3645 423 3705 et
440 3659 594 3732 persona
612 3637 780 3734 impune,
798 3650 950 3734 excepto
971 3659 1055 3706 casu
1074 3629 1271 3704 homicidii.

259 3749 339 3820 Lll.·
364 3750 473 3850 Quod
495 3749 691 3854 quifuerit
712 3758 856 3826 velerit
874 3767 1044 3854 potestas,
1066 3765 1191 3822 rector
1211 3757 1271 3824 vet

207 3867 387 3942 iusdicens
423 3875 588 3944 comunis
619 3871 832 3964 Mediolani,
869 3897 942 3944 noo
976 3874 1092 3971 possit
1123 3893 1198 3942 esse
1231 3875 1270 3942 iri

207 3995 326 4092 aliquo
352 3990 483 4095 offitim
509 3997 592 4066 nixi
617 3997 748 4094 elapsis
773 3991 889 4064 tribus
913 3994 1028 4063 annis.

255 4110 486 4210 Quicumque
512 4112 621 4184 fuerit
646 4111 704 4184 vel
730 4111 800 4184 erit
827 4124 1007 4210 potestas,
1034 4111 1189 4183 vicarius
1212 4108 1269 4181 vel

209 4229 386 4302 iusdicens
417 4230 472 4304 vel
500 4245 645 4302 exactor
674 4233 758 4304 sive
779 4229 894 4302 milles
928 4256 993 4304 seu
1020 4230 1182 4306 notarius
1215 4225 1271 4298 vel
