3386 5122
426 342 473 410 38

473 453 617 526 vall.
645 453 742 550 Quid
764 457 1001 551 intelligutur·
1017 477 1091 526 esse
1117 451 1312 527 duraturiu.

474 574 697 646 Barateriam
731 585 851 645 autem
879 572 1143 672 intelligamus,
1176 575 1208 644 si
1240 573 1321 674 quis
1347 576 1486 673 pretio,

425 705 533 792 pacto
560 717 624 764 seu
650 685 912 784 conventione,
943 691 1063 788 aliquo
1097 691 1182 763 dato
1213 691 1272 765 vel
1301 695 1485 792 promisso

425 836 490 882 seu
515 811 681 900 remisse,
699 809 837 906 aliquid
863 806 993 881 lecerit
1021 809 1077 882 vel
1107 811 1277 883 omiserit
1306 811 1343 883 in
1370 808 1484 882 offitio

424 953 510 1020 suo,
537 935 688 1028 Propter
715 926 816 1027 quod
841 929 1006 1000 comunis
1031 928 1089 1000 vel
1115 928 1303 1027 singularis
1329 931 1482 1028 persona

422 1047 565 1120 ledetur
589 1046 647 1117 vel
672 1044 746 1117 ledi
771 1059 902 1144 posset.
986 1063 989 1072 '

476 1163 646 1236 XLVIII.
674 1163 890 1260 Dejeodem.

422 1379 424 1384 Ι
452 1283 514 1354 ’δί
539 1307 624 1353 vero
651 1283 728 1377 sine
754 1282 874 1380 aliquo
901 1282 998 1374 dato,
1025 1285 1219 1380 promisso,
1245 1284 1481 1356 vel'conven·

426 1411 499 1472 tato
532 1399 588 1472 vel
621 1401 773 1472 remisso
805 1425 871 1499 per
905 1399 1043 1472 dolum
1065 1399 1121 1476 vel
1153 1399 1327 1474 fraudem
1348 1399 1483 1500 aliquid

426 1515 552 1590 lecerit
576 1516 633 1590 vel
658 1519 825 1590 omixerit
850 1520 887 1589 in
905 1515 1021 1590 offitio
1040 1544 1118 1611 suo,
1142 1525 1292 1592 eo'oasn
1310 1521 1483 1592 condem·

428 1649 562 1736 pnetur
592 1638 632 1708 in
660 1637 806 1735 triplum
840 1639 938 1728 eius,
964 1639 1000 1708 in
1036 1662 1109 1734 quo
1136 1637 1265 1710 lexerit*
1296 1642 1486 1710 commune

427 1755 484 1841 rel
507 1754 737 1854 singullarem
757 1780 968 1854 personam,
991 1757 1093 1826 cuius
1110 1755 1286 1828 medietas
1313 1756 1485 1856 aplicetur

427 1873 524 1964 lexo,
549 1887 586 1946 et
612 1873 751 1973 reliqua
777 1874 952 1946 medietas
978 1876 1124 1946 comuni
1152 1871 1355 1946 Mediolani
1381 1877 1432 1946 Et
1456 1876 1485 1944 si

428 2017 581 2064 comune
615 1991 812 2062 Mediolani
844 1991 962 2063 lexum
997 1990 1125 2084 fuerit,
1160 2004 1277 2063 totum
1312 1990 1486 2092 eplicetur

429 2112 572 2181 comuni
599 2110 776 2208 predicto.

479 2227 616 2298 XLIX.
644 2229 708 2300 De·
724 2227 855 2301 eodem.

479 2347 513 2418 Si
540 2372 623 2418 vero
649 2371 715 2447 per
741 2347 959 2444 imperitiam
986 2347 1120 2444 aliquid
1152 2343 1278 2420 fecerit
1309 2345 1482 2445 vel‘ornif
1532 2367 1534 2371 ·

429 2468 557 2538 xeritt
578 2467 618 2536 in‘
641 2464 756 2538 offitio
773 2490 856 2555 suo,
879 2466 928 2535 ita
946 2465 1045 2560 quod
1066 2491 1259 2538 commune
1276 2466 1335 2538 vel
1352 2465 1485 2566 singul-

509 2718 628 2774 »nostri
652 2717 800 2774 Mediolani
825 2717 949 2788 plenarie
972 2720 1158 2786 confidentes,
1176 2717 1299 2774 eundem
1324 2709 1482 2774 neobinum'

509 2825 521 2854 t>
542 2802 688 2860 officialem
706 2807 829 2858 nostrum
841 2804 876 2858 ed
889 2803 1010 2860 officium
1027 2805 1187 2880 inquirendi
1205 2803 1377 2860 extorsiones
1395 2808 1424 2859 et
1439 2803 1484 2861 ba⁴

509 2910 522 2936 n
541 2888 672 2954 ratariae,
686 2904 742 2962 que
760 2887 830 2943 fiunt
840 2903 891 2958 per
901 2889 1219 2958 servitores,baruerios
1228 2891 1257 2943 et
1268 2888 1336 2943 alios
1353 2889 1483 2953 officiales

509 2995 521 3020 o
538 2976 596 3028 tam
613 2989 723 3029 camere
740 2977 835 3028 nostre
853 2989 936 3046 qnam
953 2975 1078 3029 comunis
1094 2974 1182 3030 nostri
1199 2974 1363 3042 Mediolani,
1375 2974 1426 3048 qui
1440 2989 1484 3029 va·

509 3080 521 3104 »
541 3058 609 3122 dunt
625 3059 660 3114 ad
678 3059 879 3128 ptgnorandum
898 3074 949 3115 seu
963 3059 1153 3116 derobandum
1165 3060 1194 3114 in
1207 3059 1286 3114 dIctIs
1304 3059 1404 3115 nostris
1421 3057 1485 3112 clvi·

509 3164 521 3190 s
539 3142 641 3198 tatibus
658 3146 686 3196 et
702 3145 812 3212 ducatu,
822 3147 956 3200 etoontra
972 3143 1044 3199 tales
1062 3144 1217 3214 servitores,
1230 3143 1376 3216 blaruerios
1388 3148 1417 3199 et
1427 3143 1484 3199 offl-

508 3249 522 3277 »
540 3226 626 3281 eiales
651 3228 838 3298 procedendi,
856 3233 938 3298 prout
952 3229 983 3283 in
999 3227 1100 3283 litteris
1126 3229 1228 3284 nostris
1254 3228 1323 3284 alies
1348 3217 1485 3284 concessis

510 3334 524 3362 »
541 3311 658 3367 lobanni
676 3313 711 3367 de
732 3313 854 3367 Lomatio
870 3313 924 3382 ipsi
947 3313 1036 3368 officio
1058 3313 1211 3384 presidenti
1234 3313 1316 3369 letius
1332 3318 1361 3368 et
1377 3313 1485 3382 plenius

509 3420 520 3448 ι
540 3396 714 3466 continetur,
733 3396 794 3451 loeo
817 3396 882 3451 dieti
906 3397 1022 3453 Iohanni
1041 3399 1077 3452 de
1095 3398 1237 3467 Lomatio,
1255 3412 1338 3471 quem
1356 3401 1484 3454 exserta

508 3504 521 3531 ι»
539 3481 654 3537 seientia
671 3481 706 3537 ab
718 3481 780 3551 ipso
791 3481 880 3537 officio
895 3497 1067 3552 revocamus,
1078 3499 1094 3539 a
1107 3483 1234 3538 kalendis
1246 3473 1409 3553 septembris
1420 3483 1484 3540 anni

509 3567 677 3638 »presentis
694 3582 783 3638 nsque
800 3567 835 3622 ad
853 3571 980 3622 nostmm
997 3567 1216 3638 beneplacitum,
1235 3585 1297 3624 oum
1315 3568 1485 3639 auctoritate,
1514 3573 1516 3580 ’

509 3674 522 3700 »
541 3653 649 3723 baylia,
667 3652 784 3722 salario,
802 3651 1061 3722 commoditatibus,
1077 3654 1258 3724 prerogativis
1282 3657 1311 3708 et
1327 3653 1387 3710 eliis
1408 3669 1483 3708 eom-

509 3759 522 3784 ι)
541 3737 686 3805 prehensis
703 3738 731 3791 in
750 3737 912 3808 prescriptis
934 3738 1035 3792 nostris
1059 3739 1195 3808 prioribus
1215 3737 1313 3792 litteris
1330 3739 1361 3792 et'
1374 3738 1484 3810 ordina-

510 3842 522 3867 »
541 3821 651 3890 mentis,
664 3822 738 3877 licite
750 3823 885 3879 haetenus
896 3821 993 3878 baberi
1005 3825 1033 3878 et
1045 3822 1151 3893 peroipi
1163 3821 1302 3878 consuetis
1319 3839 1372 3893 per
1387 3809 1485 3879 lobari-

512 3925 524 3954 »
542 3905 640 3960 ninum
658 3906 823 3976 predictum,
839 3910 936 3963 tenore
953 3907 1123 3977 presentium
1150 3907 1338 3970 constituimus
1359 3911 1387 3961 et
1409 3921 1486 3962 erea-

511 4007 524 4038 s
541 4003 642 4042 mus..
1261 3997 1277 4042 ἱ,
1436 3995 1440 4002 “

576 4115 579 4122 .
666 4077 725 4141 (Ee
742 4078 806 4130 Cod.
824 4093 872 4132 ma.
888 4077 1060 4146 Fuprtuai'p.
1079 4081 1113 4130 59
1130 4077 1179 4148 22⁰,
1197 4077 1226 4131 in
1240 4075 1452 4146 Bitt'rimbr).

434 4169 491 4212 to
512 4159 682 4216 commiserit
704 4183 715 4209 υ
737 4161 812 4228 (Cori.
830 4167 860 4217 B.
881 4165 929 4228 19).
998 4221 1000 4228 ,
1097 4179 1099 4186 ·
1147 4161 1149 4166 ’
