3416 5054
464 389 636 463 LXXIX.
664 388 719 462 De
742 393 927 478 eHeetrbne
939 386 1198 483 gubernatoris
1214 383 1392 460 librorum
1412 415 1473 461 ca-

415 535 514 584 mere
537 512 711 582 commus.

465 627 644 727 Elligatur
667 649 735 726 per
759 623 946 696 dominum
972 623 1168 696 Mediolani
1196 624 1254 696 vel
1278 608 1472 724 per'viea-

413 754 508 822 rium
532 746 639 820 offitii
664 748 915 847 provixionum
938 771 1031 817 nnus
1052 746 1225 845 providus
1241 761 1279 819 et
1293 747 1473 822 discretus

414 869 470 940 vir
500 893 569 968 pro
601 861 837 964 gubernando
871 877 909 936 et
941 865 1132 964 gubernari
1166 864 1326 938 fatiendo
1358 864 1473 938 libros

416 1011 559 1060 camere
591 987 688 1055 iuxta
713 983 863 1054 modum
888 994 1104 1054 consuetum
1125 983 1182 1053 'ad
1213 984 1383 1056 salarium
1410 1009 1473 1056 co-

416 1105 533 1175 munis
559 1101 768 1174 Mediolani.

468 1219 620 1294 LXXX.
646 1220 703 1291 De
727 1218 861 1292 eodem.

467 1319 611 1412 Iudioes
641 1338 779 1410 domini
810 1340 1000 1437 potestatis
1032 1352 1071 1410 et
1102 1363 1226 1410 omnes
1254 1341 1386 1410 notarii
1419 1353 1473 1411 te·

417 1471 570 1531 neantur
583 1469 629 1529 'et
653 1457 811 1530 debeant
826 1459 864 1527 in
883 1453 955 1527 line
980 1459 1035 1527 sui
1060 1453 1166 1527 offitii
1190 1455 1390 1556 penultima
1416 1458 1476 1531 die

416 1575 472 1649 sui
497 1574 604 1648 offitii
630 1574 841 1674 consignare
867 1576 1062 1646 camerario
1088 1577 1250 1646 comunis
1276 1573 1475 1648 Mediolani

414 1719 538 1768 omnes
564 1696 750 1765 cautiones
777 1717 899 1763 coram
923 1694 976 1763 eis
1002 1693 1178 1791 expositas
1213 1705 1252 1763 et
1277 1692 1390 1766 factas
1415 1720 1473 1766 ra·

412 1813 511 1885 tione
538 1837 686 1884 suorum
712 1808 935 1900 editionum,
969 1822 1006 1881 et
1029 1835 1155 1881 omnes
1180 1809 1297 1880 libros
1323 1823 1359 1881 et
1385 1813 1474 1882 scri-

415 1943 541 2029 pturas
567 1928 768 2028 quaslibet,
794 1953 864 2026 que
887 1926 981 1998 facta
997 1925 1133 1999 suerint
1151 1929 1188 1998 in
1205 1954 1332 2000 eorum
1350 1925 1476 2002 ollitiis

415 2073 482 2148 per
506 2061 622 2119 totum
647 2044 805 2118 officium
824 2047 894 2137 sui,
912 2047 949 2116 in
974 2045 1120 2144 publico
1140 2045 1293 2117 consilio
1310 2049 1473 2118 comunis

415 2165 627 2238 Mediolani.
675 2185 678 2190 ·

465 2285 569 2358 Idem
596 2297 781 2356 teneantur
805 2281 925 2355 facere
952 2283 1012 2354 alii
1038 2281 1206 2354 olfitiules
1232 2283 1270 2352 in
1291 2284 1474 2381 presentia

414 2402 644 2477 dominorum
679 2402 872 2474 duodecim
906 2415 943 2473 et
978 2400 1208 2472 dominorum
1242 2425 1302 2472 sex
1334 2425 1476 2476 camere

415 2522 578 2594 comunis
603 2519 813 2593 Mediolani.

465 2638 633 2710 LXXXI.
662 2639 717 2710 De
742 2637 874 2711 eodem.

464 2755 606 2831 Notarii
630 2757 861 2829 dominorum
887 2781 949 2830 sex
974 2781 1117 2829 camere
1145 2769 1337 2830 teneantur
1357 2770 1398 2830 et
1415 2758 1476 2830 de-

414 2875 524 2949 beant
549 2876 732 2948 dimittere
758 2888 796 2948 et
817 2877 1029 2974 consignare
1047 2873 1279 2974 gubernatori
1297 2874 1476 2948 librorum

416 2994 576 3066 comunis
602 2992 797 3068 Mediolani
824 2995 1036 3066 securitates
1063 3006 1099 3064 et
1125 3017 1249 3066 omnes
1276 2992 1363 3065 alios
1388 2995 1483 3095 scri-¹

417 3125 557 3212 pluras,
576 3137 665 3211 quas
684 3113 834 3185 fecerint
852 3107 1013 3213 'tempore
1038 3113 1094 3184 sui
1112 3111 1227 3203 offitii,
1245 3111 1474 3210 presentibus

416 3231 570 3305 dominis
597 3253 660 3302 sex
687 3255 838 3302 camere.
1072 3310 1074 3314 .

466 3349 656 3424 LXXXII.
703 3349 812 3446 Quod
854 3363 954 3421 certa
990 3347 1105 3451 <fitia
1141 3376 1215 3423 non
1251 3349 1474 3439 venduntur,¹

416 3470 480 3546 sed
502 3468 750 3546 concedantur
774 3465 1005 3565 diligentibus
1024 3473 1205 3569 perronio.
1312 3505 1315 3512 .

463 3587 586 3663 offitia
622 3586 914 3666 canzellariorum
953 3589 1117 3658 comunis
1156 3586 1377 3677 Mediolani,
1412 3584 1477 3685 qui

413 3706 521 3778 modo
536 3720 620 3780 sunt
638 3707 768 3780 notarii
785 3706 832 3778 ad
850 3702 1004 3777 offitium
1024 3693 1475 3795 dominorum'duodecim‚

415 3823 728 3924 et.gubernatoris
753 3825 927 3897 librorum
963 3826 1123 3896 comunis
1160 3821 1379 3913 Mediolani,
1413 3822 1475 3918 qui

401 3956 498 4014 ..sunt
524 3941 569 4015 ad
596 3967 775 4016 cameram
809 3944 1060 4043 gubernatoris
1083 3944 1156 4015 sive
1176 3941 1365 4015 camerarii
1391 3940 1477 4012 ban·

415 4047 545 4134 norum
579 4073 740 4134 veterum
776 4055 918 4135 camere
954 4062 1112 4162 pallatii,
1147 4087 1219 4132 non
1253 4057 1452 4152 vendantur
1461 4113 1476 4150 ,
