3338 5042
417 339 490 410 ilfi

357 505 368 522 .
415 467 577 528 rectores
603 453 819 554 burgorum,
845 453 1004 552 plebium
1030 455 1243 528 saltarum
1270 456 1495 542 universitaoj

416 585 494 646 tum
519 573 729 663 comitatus,
754 573 927 666 dioceris,
948 572 1134 644 districtus
1160 587 1198 645 et
1223 573 1492 648 iurisdictionis

414 689 631 784 Mediolani,
660 705 853 789 antequam
885 691 1020 764 vadant
1049 693 1097 763 ad
1131 685 1325 792 regimina,
1361 695 1491 766 iurare

413 809 460 884 ad
485 835 515 881 s.
541 811 609 882 Dei
632 809 834 910 evangelia,
851 807 951 907 quod
967 833 1041 882 non
1063 810 1243 883 tenebunt
1268 835 1395 882 causas
1412 836 1490 883 nec

415 930 532 1002 teneri
555 929 768 1027 permittent
791 929 829 998 in
854 951 981 1000 eorum
1006 929 1111 1000 terris
1136 929 1230 999 ultra
1260 929 1488 1026 quantitates

414 1047 454 1138 in
478 1043 738 1118 ordinamentis
765 1045 929 1116 comunis
955 1045 1153 1118 Mediolani
1183 1047 1486 1144 comprehensas3

414 1177 454 1240 et
469 1166 501 1237 si
513 1164 687 1236 sciverint
702 1163 860 1260 aliquem
873 1176 999 1254 tatere
1016 1189 1141 1236 causas
1153 1164 1201 1235 de
1213 1167 1351 1264 mayori
1365 1189 1487 1262 quana

415 1283 533 1374 titate,
544 1280 638 1370 ipfra
652 1282 797 1354 tertiam
812 1281 1147 1354 diem‘acousabunt
1162 1307 1226 1354 seu
1243 1279 1488 1355 notificabunt
1534 1302 1540 1309 ·

416 1399 486 1500 ipsi
509 1397 656 1471 domino
688 1399 862 1498 potestati
886 1398 1085 1471 Mediolani
1109 1399 1167 1471 vel
1194 1397 1302 1471 iudici
1335 1425 1418 1488 su03
1444 1415 1486 1472 et

416 1520 482 1616 qui
507 1531 671 1619 repertus
697 1516 806 1589 fuerit
828 1516 1105 1608 commississe,
1131 1514 1420 1618 condempnetur
1443 1522 1485 1590 in

415 1633 517 1708 libris
534 1637 825 1736 vigintiquinque
837 1635 985 1728 tertiol,
995 1635 1027 1706 si
1044 1634 1155 1709 fuerit
1171 1648 1293 1708 rector
1306 1635 1412 1738 burgi
1425 1637 1485 1708 vel

414 1751 534 1855 plebis
559 1753 616 1826 vel
643 1753 789 1826 alterins
805 1754 1078 1845 universitatis,
1106 1768 1144 1826 et
1169 1758 1200 1824 si
1226 1752 1336 1826 fuerit
1361 1767 1485 1828 rector

417 1871 505 1964 loci,
531 1875 569 1944 in
596 1872 699 1943 libris
730 1872 854 1944 decem
889 1873 1036 1964 tertiol,
1063 1885 1101 1945 et
1132 1876 1280 1972 insuper
1308 1872 1484 1946 condem-

417 2003 548 2090 pnetur
581 1993 681 2062 omni
710 1991 791 2062 vice
823 2013 978 2062 comune
1003 1989 1111 2090 burgi
1137 1990 1174 2060 in
1199 1989 1304 2062 libris
1336 2003 1483 2062 centum

417 2108 561 2200 tertiol,
579 2121 617 2180 et
641 2133 795 2180 comune
819 2107 890 2179 loci
908 2109 947 2178 in
963 2107 1064 2180 libris
1091 2110 1383 2208 vigintiquinque
1409 2121 1483 2180 ter·

416 2224 502 2316 not,
515 2237 554 2298 et
570 2223 717 2298 alterius
735 2227 977 2297 universitatis
995 2227 1034 2296 in
1051 2224 1154 2297 libris
1172 2239 1318 2298 centum
1337 2227 1482 2318 tertiol.;

418 2359 457 2417 et
481 2343 634 2444 quilibet
657 2345 774 2442 possit
793 2368 962 2416 accusare
977 2357 1017 2416 et
1033 2341 1239 2436 notificare,
1256 2357 1294 2416 et
1309 2344 1481 2418 medietas

420 2463 469 2534 sit
494 2463 711 2534 accusatoris
729 2487 793 2534 seu
810 2459 1049 2534 notificatoris
1058 2519 1069 2554 ‚
1088 2474 1125 2534 et
1139 2463 1208 2533 alia
1223 2465 1387 2532 comunis
1404 2463 1482 2533 Me-

420 2579 573 2673 diolani,
599 2579 644 2652 ad
670 2604 781 2679 quam
804 2606 934 2680 penam
951 2579 1228 2680 compellantur
1252 2595 1289 2653 et
1315 2578 1483 2680 compelli

419 2700 561 2798 possint
589 2699 750 2800 predicti
786 2711 824 2771 et
860 2697 1009 2796 quilibet
1043 2723 1168 2770 eorum
1194 2723 1261 2798 per
1286 2697 1483 2796 quemlibet

422 2817 659 2892 iusdicentem
683 2818 761 2889 sine
787 2817 856 2888 alia
882 2818 1222 2916 condempnatione.
1324 2897 1327 2902 A

471 2933 669 3008 CCXXIII.
689 2935 746 3007 De
754 2961 850 3035 perro
869 2917 1035 3026 rectoris,
1051 2939 1239 3034 potestatis
1257 2939 1330 3008 siue
1348 2936 1483 3006 vicarii

419 3058 619 3156 torquentis
643 3058 808 3153 aliquem.

472 3169 600 3248 Nullus
624 3186 745 3252 rector
772 3173 845 3244 sive
870 3177 1033 3271 potestas
1055 3171 1309 3244 sivevicarius
1337 3170 1480 3242 alicuius
1562 3217 1565 3224 -

417 3289 525 3391 burgi
538 3290 593 3364 vel
605 3289 678 3362 loci
696 3288 754 3364 vel
773 3288 891 3389 plebis
907 3290 966 3361 vel
983 3289 1131 3364 alterius
1144 3289 1296 3362 alicuius
1310 3291 1478 3360 universi

419 3411 521 3502 tatis,
534 3409 743 3502 comitatus,
758 3407 956 3496 districtus,
972 3409 1128 3482 diocesis
1144 3409 1202 3482 vel
1212 3407 1479 3500 ¹iurisdictionis

419 3524 616 3602 Mediolani
632 3523 836 3601 audeatvel
854 3539 1040 3625 presumat
1056 3538 1227 3623 torquere
1243 3524 1302 3598 vel
1319 3538 1479 3597 tormen-2

419 3657 496 3718 tare
522 3644 680 3744 aliquem
697 3645 894 3734 hominem,
912 3645 1068 3716 cuiusvis
1093 3645 1311 3716 conditionis
1338 3637 1476 3730 existat,

419 3775 456 3837 et
482 3765 512 3835 si
537 3766 618 3862 quis
643 3762 909 3853 contrafecerit,
936 3762 1223 3862 condempnetur
1248 3769 1287 3834 et
1311 3762 1478 3860 puniatur

420 3882 457 3954 in
483 3878 583 3954 libris
610 3882 813 3980 quingentis
838 3879 984 3972 tertiol,
1001 3881 1177 3953 medietas
1195 3872 1297 3952 cuius
1314 3878 1478 3975 condem-

418 3998 599 4100 pnationis
625 4001 672 4072 sit
697 4001 929 4090 accusatoris,
952 4011 990 4070 et
1014 3999 1083 4072 alia
1108 3998 1282 4074 medietas
1316 3999 1476 4070 comunis

419 4115 637 4208 Mediolani3
665 4131 702 4188 et
728 4116 773 4190 de
799 4115 870 4188 hoc
896 4115 1066 4219 credatur
1083 4127 1305 4190 sacramento
1328 4127 1477 4186 tormen-
