3386 5122
522 547 837 654 rurouus
896 543 1126 652 cuntur

613 889 784 972 nucronr
819 886 1031 972 nunnuono

802 1183 841 1260 S.

345 1913 433 1990 Post
458 1909 796 1988 Mediolanensium
830 1907 1145 1985 Cousvnrvnurvu
1177 1911 1347 2012 promul-

295 2040 498 2142 gationem,
515 2036 653 2137 quibus
672 2036 793 2137 prima
811 2035 1104 2136 municipalium
1122 2036 1348 2137 scriptarum

293 2168 422 2268 legum
443 2164 618 2241 collectio
638 2162 827 2256 constitit,
854 2164 1029 2263 quamvis
1057 2188 1098 2240 re
1126 2187 1215 2241 vera
1245 2174 1346 2240 certa

293 2293 522 2371 statutorum
561 2299 647 2367 ante
684 2289 943 2367 easlatorum
970 2289 1156 2368 memoria
1188 2313 1232 2366 ac
1259 2289 1366 2375 relis

295 2418 406 2519 quiae
442 2416 636 2518 supersint
661 2416 719 2512 (⁸),
747 2415 950 2494 nonnullae
985 2416 1160 2492 invectae
1194 2417 1348 2492 suntin

295 2543 408 2621 civile
435 2541 623 2619 maiorum
659 2542 1079 2642 nostrorumregimen
1112 2541 1348 2618 immutatio·
1466 2607 1470 2625 ,

292 2694 378 2766 nm,
406 2693 503 2770 quae
539 2670 587 2746 ad
613 2669 809 2770 publicum
850 2669 1097 2746 commodum
1131 2676 1196 2744 aut
1231 2693 1347 2770 quaa-

291 2796 454 2874 rendum
480 2803 546 2870 aut
571 2794 812 2872 retinendum
840 2794 1007 2896 aptiores
1039 2801 1283 2896 putarentur,
1312 2805 1350 2872 et'

265 2929 340 3000 ‘ex
365 2931 589 3024 recuperata
616 2921 762 3022 patriae
791 2921 964 2997 libertate
992 2931 1031 2998 et
1049 2922 1149 3000 vitae
1177 2945 1252 2998 usu
1279 2923 1348 2998 du-

293 3057 483 3126 cerentur.
499 3047 555 3124 Ex
573 3071 648 3148 quo
669 3046 765 3122 illud
781 3055 1058 3148 consequutum
1077 3057 1155 3144 est,
1182 3057 1224 3124 ut
1241 3050 1349 3150 paul-

293 3174 399 3251 latim
427 3175 582 3251 saeculo
609 3198 677 3249 xur
703 3172 841 3273 cuique
870 3172 1014 3254 civium
1034 3175 1192 3276 ,propria
1220 3200 1265 3252 ac
1292 3201 1348 3253 ar-

292 3299 448 3378 bitraria
475 3297 846 3401 legumprofessio‚
880 3324 984 3399 quae·
1012 3300 1080 3376 diu
1111 3299 1345 3398 obtinuerat,

294 3425 432 3502 abolita
451 3423 581 3522 luerit,
601 3425 805 3527 ipsumque
825 3425 886 3501 ius
904 3450 1103 3504 romanum
1122 3426 1346 3528 municipali

293 3551 448 3628 cederet
480 3551 601 3652 magis
634 3549 746 3628 novis
786 3550 959 3628 moribus
998 3561 1275 3650 consentaneo,
1308 3537 1357 3630 ct¹

292 3671 469 3777 frequens
494 3676 556 3752 illa
583 3677 816 3752 Statutorum
844 3676 940 3754 silva
965 3677 1201 3754 succreverit
1227 3703 1344 3782 saepe

301 3940 337 4007 (a)
354 3939 395 3996 cf.
412 3941 574 3997 consuetud.
600 3941 712 3995 Mediol.
730 3957 790 4012 cap.
815 3945 875 3995 ΧΗ.
901 3944 937 3994 Dc
955 3941 1034 3997 locut.
1057 3947 1082 3996 et
1102 3944 1241 4009 condoct.,·
1259 3943 1337 4002 Galv.

348 4031 499 4088 Flammam
511 4034 540 4088 in
550 4033 648 4088 chron.
662 4035 725 4088 mot.
740 4037 1156 4105 cap.1tCCCXX1,DCCGttxlt‚
1170 4041 1336 4107 DCCCXCV‚

326 4199 329 4206 Ι
349 4125 468 4180 Gabriel.
485 4125 613 4180 verrium
631 4125 660 4180 in
678 4142 722 4196 op.
743 4129 782 4179 Dc
793 4127 861 4196 ortp.
881 4130 906 4179 et
919 4142 1010 4197 propr.
1023 4129 1078 4183 tur.
1092 4127 1202 4186 Mediol.
1222 4145 1282 4200 cap.
1296 4136 1334 4201 u;

350 4221 429 4273 Bern.
446 4217 558 4276 Corium
573 4224 602 4274 et
619 4219 698 4274 Trist.
718 4217 848 4274 calchum
865 4219 978 4288 passim·
