3338 5042
383 315 457 386 ttt

378 431 472 516 ultra
490 415 668 532 predictus
686 434 925 545 quentitutes,
942 443 980 504 ct
997 433 1028 504 si
1046 429 1138 509 ultru
1154 429 1444 530 petierit,.cudut

378 577 398 621 a
425 554 501 623 iure
526 569 609 638 suo;
636 549 729 624 etsi
755 551 792 620 in
818 546 980 624 fraudem
1006 548 1103 622 dicti
1118 550 1238 628 statuti
1265 547 1442 622 divideret

376 672 433 743 ius
466 695 570 744 suurn
582 724 593 759 ,
621 681 706 766 putu
738 667 897 767 petendo
930 679 1094 766 quartam
1126 666 1182 738 vel
1211 667 1364 740 tertiam
1380 679 1442 737 aut

376 785 485 866 uliam
499 787 739 885 quantitatem
757 785 877 861 miuus
895 805 1004 884 quum
1017 785 1085 856 sibi
1099 781 1263 874 debetur,
1278 786 1328 858 itu
1343 783 1441 880 quod

377 906 408 975 si
433 900 635 977 universale
670 903 832 975 debitum
863 903 1070 974 ascenderet
1101 901 1197 973 ultra
1223 904 1441 1001 quantitates

376 1022 572 1122 predictas,
589 1020 650 1092 ille
670 1023 734 1120 qui
759 1035 896 1120 purtem
922 1019 1070 1119 petierit
1095 1041 1214 1092 coram
1242 1019 1441 1094 iusdicente

376 1144 415 1214 in
441 1140 503 1214 illo
528 1139 644 1238 burgo
676 1138 734 1212 uel
761 1137 863 1230 loco,
888 1139 969 1240 ipso
996 1139 1074 1210 iure
1099 1139 1262 1236 privatus
1288 1139 1336 1212 sit
1365 1149 1440 1213 toto

375 1261 456 1340 iure
482 1258 577 1331 illius
602 1256 733 1348 debiti;
751 1256 821 1348 hoc
840 1281 982 1358 semper
1008 1255 1212 1348 intellecto,
1234 1255 1334 1354 quod
1352 1277 1441 1354 que-

376 1375 465 1452 libet
489 1377 657 1452 comunis
681 1374 879 1473 burgorum
905 1389 942 1452 et
966 1375 1131 1458 locorum
1156 1375 1349 1450 comitatus
1365 1372 1442 1444 Me-

378 1492 516 1565 diolani
541 1493 683 1592 possint
708 1521 728 1564 a
753 1492 979 1591 quibuslibet
1004 1493 1050 1566 de
1076 1507 1173 1566 terru
1204 1517 1270 1566 suc
1300 1492 1442 1591 exigere

372 1621 505 1684 'omnes
532 1623 569 1684 et
595 1611 753 1710 singulus
779 1613 891 1686 tuleus
907 1610 1004 1689 inter
1022 1633 1083 1687 eos
1105 1623 1142 1682 et
1159 1635 1225 1710 per
1241 1635 1306 1682 eos
1325 1608 1440 1694 tuctus

376 1745 415 1804 et
438 1730 741 1832 condempnatus,
768 1743 805 1814 et
828 1731 942 1803 onoru'
967 1732 1023 1802 sui
1050 1729 1231 1820 comunis3
1259 1743 1296 1806 et
1313 1729 1360 1803 ud
1376 1727 1442 1802 hee

377 1850 582 1920 executioni
607 1847 811 1920 mandanda
838 1847 992 1946 quilibet
1018 1847 1209 1939 laodicens,
1225 1848 1290 1944 qui
1308 1847 1354 1922 ad
1369 1845 1441 1925 hoc

378 1967 490 2041 luerit
520 1966 735 2063 requisitus,
761 1980 924 2041 teneatur
949 1965 1148 2041 concedere
1172 1967 1378 2053 servitorem
1405 1979 1442 2038 et

378 2084 550 2180 famulos,
582 2096 621 2158 et
644 2084 729 2164 dare
754 2109 960 2190 proposse
977 2086 1162 2178 ¹currilium
1194 2099 1229 2156 et
1262 2083 1440 2176 luuorcm5

377 2204 474 2280 salvo
499 2201 600 2303 quod
617 2207 782 2278 comuniu
791 2256 803 2296 ,
825 2205 869 2277 de
887 2203 1018 2302 quibus
1035 2201 1084 2276 fit
1096 2204 1231 2278 mentio
1249 2206 1289 2278 in
1305 2217 1441 2282 statuto
1476 2246 1477 2252 κ

378 2324 571 2423 incipiente
591 2320 778 2393 uComune
794 2319 899 2421 burgi
918 2321 1029 2393 Leuci
1039 2350 1056 2392 n
1065 2379 1077 2414 ,
1089 2334 1127 2393 et
1143 2335 1298 2394 rectores
1315 2341 1440 2398 eorum

378 2442 517 2540 possint
533 2464 750 2539 cognoscere
767 2451 806 2512 et
824 2463 947 2512 coram
962 2443 1015 2512 eis
1027 2440 1084 2537 agi
1103 2453 1139 2510 ct
1156 2439 1440 2513 iurisdictionem

378 2584 542 2631 exercere
567 2584 683 2656 usque
708 2559 755 2631 ud
779 2561 998 2657 quantitates
1025 2561 1063 2632 in
1089 2561 1169 2660 ipso
1193 2570 1443 2640 statutocom-

378 2681 590 2781 prehensas,
607 2692 645 2757 et
660 2705 733 2760 non
750 2679 860 2772 ultra3
881 2693 918 2752 et
937 2682 967 2755 si
987 2679 1289 2776 conuenturos
1307 2681 1440 2773 vulcat,

379 2799 444 2880 sed
470 2812 633 2876 servetur
658 2810 699 2869 ut
724 2823 844 2899 supra.

430 2914 576 2992 CCXX.
612 2917 669 2990 De
694 2921 921 3018 inquisitione
932 2914 1102 3018 struenda
1130 2941 1201 3018 per
1227 2931 1441 3020 potestatem

378 3049 508 3114 centua
534 3050 694 3114 rectores
720 3060 781 3111 seu
806 3033 1020 3112 terdecentes
1046 3039 1247 3112 comitatus
1324 3099 1347 3117 i.

340 3217 345 3228 .
427 3153 593 3234 Potestas
621 3153 817 3232 Mediolani
840 3167 879 3232 et
903 3153 1057 3250 quilibet
1075 3153 1173 3230 ¹elius
1198 3154 1380 3234 iusdieens
1405 3158 1442 3230 in

378 3273 526 3352 civitate
550 3271 664 3372 possit
688 3285 726 3348 et
749 3269 881 3350 debeat
907 3273 1088 3370 inquirere
1117 3272 1266 3371 siugulis
1297 3272 1443 3352 duobus

377 3390 563 3470 mensibus
593 3393 646 3464 sui
678 3391 863 3489 regiminis
897 3406 1022 3466 contre
1054 3405 1215 3470 rectores
1242 3417 1307 3468 sou
1331 3392 1443 3470 tudi-

379 3521 500 3590 centes
514 3507 728 3610 burgorum,
746 3509 909 3586 locorum
925 3508 988 3586 vet
1002 3509 1153 3590 elisium
1170 3511 1443 3590 universitatum

366 3630 592 3720 comitatus,
631 3628 838 3719 districtus,
880 3624 1134 3700 iurisdictionis
1178 3627 1234 3700 vel
1273 3628 1444 3729 dyocesis

377 3745 595 3839 Mediolani,
613 3748 643 3818 si
661 3750 697 3822 iu
712 3747 836 3846 aliquo
862 3744 1019 3832 fecerint
1043 3760 1170 3822 eontm
1195 3745 1443 3834 ordinamenta

378 3864 471 3936 factu
498 3890 604 3964 super
631 3864 878 3939 iurisdictione
903 3881 1085 3940 rectorum
1103 3881 1146 3958 et
1165 3868 1442 3940 universitatum

380 3987 541 4084 ipsorum
557 3981 754 4088 burgorum
773 3997 809 4058 et
826 3983 990 4064 locorum
1010 3987 1223 4080 comitatus,
1235 3985 1442 4082 districtus,

381 4100 639 4178 iurisdictionis
678 4103 741 4180 rol¹
761 4103 942 4202 vdyocertis
980 4103 1176 4178 Mediolani
1207 4103 1264 4180 uel
1293 4099 1444 4204 aliquod
